2454 3238
1248 288 1311 333 10

275 422 407 475 priam
438 420 733 462 vocabulorum
767 420 849 462 vim
885 419 1200 471 commutaverit,
1245 432 1346 489 quas
1383 416 1437 459 ad
1470 417 1586 472 leges
1619 405 1843 462 verborum
1878 419 2070 462 circuitus
2095 432 2275 474 compo·

280 484 419 523 suerit.
708 506 711 507 ν

399 545 491 586 Jam
517 542 554 585 si
580 543 830 598 quaerimus,
856 549 1042 597 quantam
1060 543 1142 584 vim
1168 541 1268 583 illud
1287 542 1493 585 scribendi
1510 548 1654 596 genus,
1682 540 1734 595 de
1760 528 1841 596 quo
1860 543 1980 584 modo
2000 541 2174 595 egimus,
2197 541 2273 583 ha·

277 608 422 654 buerit,
447 606 665 658 plurimum
690 607 731 646 in
757 605 966 647 vocabulis
993 604 1284 657 componendis
1317 601 1498 653 valuisse
1526 610 1712 665 apparet.
1763 605 1878 658 Sicut
1903 604 2016 656 {enim
2041 603 2275 658 Aeschylus

278 669 479 729 Pindarus
498 675 656 721 poetae
683 669 819 709 divino
846 667 1019 740 quodam
1047 667 1189 719 spiritu
1215 666 1349 707 afflati
1377 662 1671 709 vocabulorum
1696 668 1842 709 forma
1855 666 1895 708 e't
1914 667 2048 707 sonitu
2065 667 2157 721 ipso
2179 672 2277 708 eum

279 744 342 781 ea,
369 725 478 785 quae
505 730 711 780 sentirent,
747 730 973 783 exprimere
998 734 1086 769 tum
1112 730 1258 771 animis·
1291 729 1534 783 audientium
1558 726 1763 784 impertire
1790 729 2018 778 studebant,
2043 728 2176 771 simile
2202 728 2277 771 ali·-

278 793 414 846 quid’
402 807 444 833 ιιι
471 792 642 845 Polybio
671 790 1017 844 deprehendimus.
1052 792 1109 832 Ut
1135 793 1236 832 enim
1264 792 1444 845 singula,
1467 777 1612 845 quibus
1631 791 1804 833 efficitur
1821 791 2039 845 sententia,
2062 803 2146 832 uno
2166 796 2284 832 com·-

277 854 407 908 plexu
440 854 632 906 traderet,
665 852 871 905 nonnulla,
907 866 1013 906 quae
1048 860 1236 895 seorsum
1267 855 1453 896 dixerant
1483 861 1662 905 veteres,
1699 854 1747 895 in
1771 866 1895 896 unum
1930 851 2148 894 conflabat.
2197 854 2282 895 lm

280 918 514 958 sententias
546 917 705 969 quidem
738 928 864 968 saepe
899 916 1156 956 dilucidiores
1182 918 1396 966 exsistere,
1428 917 1505 966 sed
1538 917 1741 969 sermonis
1776 917 1947 968 nitorem
1973 921 2015 956 et
2040 913 2278 955 facilitatem

281 979 489 1030 corrumpi
516 985 685 1017 constat.
738 973 992 1017 Necessaria
1013 984 1145 1017 autem
1167 973 1274 1030 lege
1285 977 1366 1018 hoc
1391 978 1532 1018 vitium
1546 975 1751 1019 contraxit
1773 966 1986 1030 Polybius,
2008 976 2131 1030 quod
2147 977 2279 1017 verba

281 1040 354 1082 illo
381 1041 502 1081 modo
530 1039 756 1091 composita
781 1039 990 1091 paullatim
1015 1040 1096 1079 vim
1121 1052 1239 1080 suam
1259 1040 1495 1087 amiserunt,
1520 1053 1717 1092 quumque
1742 1040 1841 1080 nihil
1864 1039 1978 1092 aliud·
1988 1039 2067 1080 ac
2078 1037 2283 1092 simplicia

284 1101 527 1154 significent,
566 1112 798 1140 sermonem
833 1100 936 1139 miro
970 1101 1146 1152 quodam
1174 1101 1294 1140 modo
1320 1099 1557 1152 impediunt.
1607 1097 1858 1152 Saepissime
1892 1088 1974 1139 hoc
1999 1089 2077 1139 usu
2099 1099 2213 1139 venit
2237 1099 2281 1138 in

282 1162 475 1212 vocibus,
506 1175 610 1216 quae
637 1175 727 1203 cum
763 1161 1134 1215 praepositionibus
1177 1162 1427 1215 compositae
1458 1162 1566 1203 initio
1601 1161 1763 1216 quidem
1793 1161 1943 1216 plures
1967 1174 2053 1215 res
2063 1160 2281 1214 perspicue

283 1219 673 1277 complecterentur,
706 1224 782 1264 sed
814 1231 962 1276 postea
995 1224 1035 1263 in
1067 1224 1261 1277 simplicis
1293 1223 1407 1264 verbi
1441 1224 1646 1264 notionem
1681 1223 1978 1265 delaberentur.
2042 1222 2119 1264 His
2143 1221 2281 1263 verbis

283 1286 597 1326 annumeranda
629 1290 721 1325 sunt
746 1285 873 1325 haec.
912 1288 1212 1339 καθυπερέχειν
1239 1287 1298 1336 (2,
1323 1289 1374 1328 24
1377 1286 1434 1336 ,9)
1472 1283 1784 1334 ἐξαποστέλλειν
1813 1287 1874 1336 (Ι,
1899 1287 1965 1335 21,
1992 1285 2040 1336 6)
2060 1294 2280 1336 συμμετα-

283 1348 454 1389 πίπτειν
487 1349 547 1398 (3,
572 1349 638 1396 23,
663 1349 707 1399 8)
735 1354 1022 1399 προςεπινοεῖν
1056 1350 1140 1399 (20,
1167 1350 1208 1397 6,
1232 1343 1279 1398 4)
1304 1347 1612 1402 navemn-§retr
1638 1346 1724 1398 (22,
1751 1348 1789 1396 7,
1820 1348 1900 1397 15)
1960 1346 2109 1387 Simile·
2123 1346 2216 1401 quid
2240 1347 2282 1387 iu

281 1410 454 1450 vocibus
479 1409 683 1449 nonnullis
710 1408 864 1450 factum
892 1417 968 1460 est,
996 1422 1101 1466 quae
1128 1422 1192 1450 ex·
1207 1406 1480 1462 compluribus
1506 1409 1719 1462 Ρειτιὶοιιιίε
1744 1408 1993 1461 compositae
2010 1408 2051 1448 in
2072 1421 2196 1448 unum
2212 1421 2282 1463 co·

282 1469 472 1519 aluerunt
496 1484 548 1511 ac
574 1483 716 1510 rursus
744 1471 784 1510 in
809 1472 1096 1522 particularum
1123 1485 1242 1512 usum
1264 1472 1466 1521 abierunt,
1492 1469 1697 1511 vocabula
1727 1471 1837 1511 dico:
1857 1467 2001 1516 ὥςανεί
2027 1475 2064 1521 1,
2090 1472 2129 1522 3,
2154 1472 2195 1520 3,
2220 1468 2281 1510 οἶ-

282 1533 426 1573 ονανεί
451 1536 487 1585 1,
511 1535 550 1583 3,
577 1536 616 1582 4,
641 1534 933 1587 καθαπερανεί
956 1536 995 1584 2,
1024 1537 1087 1583 32,
1112 1537 1152 1586 2,
1178 1534 1415 1587 καθαπερεί
1443 1535 1503 1583 l5,
1528 1534 1568 1584 6,
1590 1535 1628 1576 8·

407 1595 496 1636 Nec
520 1595 668 1647 procul
694 1596 783 1635 ab
771 1597 820 1635 iis
847 1597 970 1635 distat
995 1596 1198 1648 particula
1224 1594 1344 1645 διότι,
1377 1607 1482 1648 quae
1517 1595 1687 1648 primum
1714 1595 1807 1667 quia
1831 1594 1900 1640 vel
1924 1600 2144 1646 propterea
2171 1594 2280 1646 quod

286 1656 501 1708 significat,
523 1656 703 1696 deinde
693 1669 733 1695 ιιι
760 1656 957 1708 simplicis
981 1657 1098 1697 verbi
1124 1654 1190 1696 ὅτι
1205 1658 1411 1698 notionem
1426 1656 1536 1707 abiit,
1560 1656 1619 1696 ita
1641 1663 1687 1697 ut
1704 1656 1816 1709 prior
1832 1655 2024 1697 vocabuli
2041 1668 2141 1708 pars
2165 1668 2283 1708 pror-

286 1730 360 1758 sus
385 1717 587 1757 redundet
618 1730 656 1756 v.
683 1721 723 1764 2,
748 1719 813 1766 67,
841 1720 880 1766 8,
907 1721 947 1766 2,
974 1720 1039 1767 68,
1067 1719 1104 1759 7.

410 1777 586 1818 Diversa
612 1779 666 1818 ab
693 1790 745 1818 ea
771 1780 888 1833 cujus
915 1780 1035 1821 modo
1061 1779 1298 1819 mentionem
1325 1778 1496 1820 fecimus
1521 1779 1682 1820 ratione
1706 1790 1758 1820 ea
1778 1784 1854 1830 est,
1882 1790 1963 1831 qua
1981 1764 2195 1831 singulae
2191 1789 2282 1832 sens

287 1839 504 1880 tentiarum
531 1846 670 1890 partes
698 1840 740 1879 in
766 1840 883 1880 unius
907 1840 974 1880 vel
1000 1840 1242 1881 substantivi
1268 1840 1336 1881 vel
1354 1840 1544 1893 adjectivi
1569 1840 1637 1881 vel
1653 1840 1775 1881 verbi
1794 1839 1964 1891 formam
1982 1838 2156 1880 confusa
2177 1842 2284 1880 sunt.

288 1901 361 1941 Sic
386 1901 632 1953 adjectivum
659 1906 701 1941 et
725 1902 897 1942 verbum
924 1901 1165 1942 coaluerunt
1194 1902 1234 1941 in
1265 1902 1455 1942 vocibus:
1489 1903 1752 1954 βιαιομαχετν
1779 1905 1815 1951 1,
1841 1903 1904 1951 27,
1933 1904 1994 1944 12.
2027 1900 2286 1953 νεοσύλλογος

287 1963 366 2003 tiro
397 1964 431 2011 1,
461 1964 526 2012 64,
566 1965 603 2004 4.
670 1962 874 2016 Adjectivi
905 1964 996 2004 vice
1038 1962 1218 2017 fungitur
1258 1963 1560 2005 substantivum
1584 1965 1622 2005 in
1657 1978 1696 2006 v.
1740 1964 1973 2018 δολοφονέω
2000 1964 2040 2012 2,
2075 1965 2139 2015 36,
2171 1965 2198 2006 7
2230 1978 2282 2005 ex

285 2025 443 2066 insidiis
458 2021 631 2077 aliquem
649 2025 890 2075 interficere,
910 2031 1180 2077 ψυχομαχεῖν,
1195 2028 1470 2076 θυμομαχετν,
1489 2026 1818 2085 στιβαδοκοιτετν,
1837 2025 2123 2079 ἴστιοδρομεΐν,
2146 2025 2284 2066 datu&-

288 2093 401 2139 μετν,
439 2085 715 2140 ἰδιοπραγεῖν,
762 2085 1109 2140 δαιμονοβλαβεια
1153 2089 1300 2129 mentis
1346 2089 1584 2130 occaecatio
1629 2089 1817 2138 divinitus
1856 2088 2057 2140 immissa,
2095 2100 2284 2139 γυναικο-

287 2149 451 2200 θύμιος.
489 2146 765 2202 ἄδοξοποίητα
791 2152 829 2200 5,
842 2153 881 2198 6,
900 2153 925 2192 8
951 2158 1048 2190 sunt
1072 2150 1262 2190 animalia
1280 2152 1337 2190 ita
1357 2158 1608 2204 comparata,
1632 2158 1677 2192 ιιι
1698 2151 1951 2203 opinionibus
1971 2162 2052 2189 non
2078 2148 2285 2203 regantur,

289 2209 701 2264 πενεεκαιδεχῆμεραι
719 2208 868 2262 ἄνοχαι
860 2211 1066 2254 'induciae
1081 2213 1308 2266 quindecim
1334 2213 1502 2263 dierum,
1521 2209 1997 2268 πεντηκοντακαιτριετης
2018 2209 2165 2266 χρόνος
2188 2225 2284 2288 spa-

292 2276 387 2314 tium
413 2274 702 2326 quinquaginta
727 2275 847 2314 trium
871 2286 1082 2314 annorum.

416 2335 481 2375 Ex
515 2336 658 2376 eodem
691 2334 815 2385 fonte,
849 2335 960 2376 unde
987 2349 1039 2376 ea
1073 2349 1178 2388 quae
1211 2336 1448 2385 memoravi,
1478 2335 1593 2377 fluxit
1622 2333 1736 2384 illud,
1763 2332 1871 2387 'quod
1895 2334 2093 2388 Polybius
2113 2335 2286 2387 mobiles

292 2398 399 2447 illas,
426 2396 499 2435 sed
517 2397 572 2435 ad
594 2396 819 2449 aequalium
838 2410 1007 2437 suorum
1028 2410 1153 2438 aures
1177 2410 1258 2437 non
1278 2397 1609 2439 accommodatas
1633 2393 1848 2437 verborum
1874 2397 2164 2448 structurasin
2180 2397 2285 2438 sub*

293 2458 461 2499 stantivi
486 2456 660 2497 formam
686 2463 900 2509 contraxit,
928 2472 1010 2512 qua
1034 2460 1075 2499 in
1101 2473 1147 2500 re
1180 2458 1512 2512 philosophorum
1544 2458 1775 2512 aequalium
1801 2459 2078 2507 auctoritatem
2103 2472 2194 2500 eum
2219 2471 2285 2500 se-

292 2527 432 2562 cutum
464 2530 558 2559 esse
592 2531 878 2573 nonnunquam
914 2521 1065 2563 docent
1104 2527 1267 2563 veteres
1304 2516 1576 2572 grammatici3
1621 2526 1837 2572 praeterea
1881 2519 2285 2561 animadvertendum

293 2581 466 2622 eandem
491 2591 635 2619 vocem
667 2593 868 2634 persaepe
894 2582 947 2623 ad
974 2584 1113 2622 varias
1134 2595 1204 2624 res
1229 2581 1462 2632 transferri,
1493 2582 1601 2622 unde
1637 2580 1745 2620 haec
1770 2580 1862 2634 ipsa
1886 2580 2091 2631 vocabula
2122 2581 2187 2630 iis,
2219 2581 2287 2637 qui

293 2642 466 2696 primum
490 2643 544 2682 ad
571 2640 783 2694 Polybium
809 2644 977 2693 adeunt,
1008 2644 1118 2687 haud
1142 2658 1298 2698 parvas
1325 2642 1587 2685 difficultates
1621 2644 1825 2696 praebere
1861 2650 2048 2697 apparet,
2072 2644 2130 2684 ita
2154 2650 2198 2684 ut
2230 2644 2287 2692 ab

293 2704 375 2745 boc
396 2703 493 2744 loco
518 2715 600 2742 non
628 2702 805 2744 alienum
827 2708 930 2748 !esse
959 2706 1148 2748 videatur
1177 2718 1312 2759 pauca
1346 2704 1435 2760 ejus
1462 2702 1626 2758 generis
1660 2704 1811 2747 afferre
1846 2711 1888 2746 et
1919 2717 2024 2758 quas
2058 2705 2099 2745 in
2124 2712 2286 2756 senten·

297 2765 379 2806 tias
410 2764 592 2806 abierint.
614 2765 857 2807 examinare.
920 2767 1023 2808 Sunt
1053 2774 1194 2810 autem
1226 2768 1348 2821 hujus
1379 2767 1545 2820 generis
1575 2770 1706 2808 voees
1737 2765 2031 2808 usitatissimae
2063 2768 2162 2808 fero
2184 2765 2289 2808 haee
