2454 3238
1217 286 1282 332 12

372 415 513 458 λαλεῖν
531 428 605 469 pro
629 415 906 467 διαλέγεσθαι,
933 418 1038 471 quod
1065 432 1201 461 rerum
1228 431 1439 461 sacrarum
1465 418 1733 471 scriptoribus
1760 419 1967 474 proprium
1994 426 2075 472 est,
2099 421 2247 476 legitur

256 481 319 530 21,
345 481 384 529 8,
410 483 451 521 4.
1747 496 1748 499 “
2220 486 2222 489 ’

372 540 607 590 ξενίζεσθαι
633 541 671 590 3,
689 543 808 592 49,1.
834 543 940 582 idem
959 549 1024 582 est
1049 555 1100 583 ac
1125 542 1263 584 mirari
1287 541 1356 584 vel
1381 548 1561 596 stupere,
1597 542 1706 597 quod
1731 554 1809 584 nos
1837 541 2009 585 dicimus
2033 543 2245 595 ὑψωθῶ.

296 654 298 658 ἢ
373 599 572 656 ἀφαιρεῖν
597 603 776 659 minuere
805 607 870 652 20,
898 607 937 653 4,
963 607 1000 646 2.
1042 602 1165 650 σάλος
1192 612 1333 657 portus
1360 606 1424 653 53,
1455 608 1515 647 1⁰.

375 663 554 717 Saepius
581 671 797 706 occurrent
823 662 1084 717 perlustranti
1110 665 1179 706 tibi
1205 664 1413 720 Polybium
1438 677 1580 717 voces,
1615 678 1720 721 quae
1746 678 1774 708 a
1798 679 1877 709 sua
1905 672 2052 708 natura
2078 664 2133 707 ad
2157 678 2243 708 ma-

249 729 313 781 gis
341 733 540 767 remotam
573 732 613 766 et
644 727 882 778 ampliorem
913 728 1120 767 notionem
1154 727 1377 768 translatae
1406 735 1521 775 sunt;
1553 729 1633 769 hoc
1661 729 1702 768 in
1729 741 1898 769 numero
1923 727 2155 769 habendum
2182 735 2247 767 est

247 787 344 828 illud
370 786 524 835 λαλεῖν,
551 787 668 840 cujus
694 799 823 839 supra
848 786 1093 828 mentionem
1119 787 1302 838 fecimus,
1330 788 1441 841 quod
1463 787 1576 834 illam
1594 789 1675 830 vim
1691 788 1857 839 ,inutilia
1880 787 1986 841 loqui
2003 788 2150 833 amisit.
2176 787 2246 830 Sic

249 855 525 899 καινοτομεῖν,
550 848 660 899 quod
685 847 847 899 proprie
876 848 928 888 de
955 849 1130 889 metallis
1156 849 1393 901 aperiundis
1418 850 1577 900 dicitur,
1602 851 1698 890 novi
1721 849 1872 901 aliquid
1898 848 2029 888 moliri
2046 848 2247 899 significat

251 913 291 960 1,
316 912 382 960 29,
410 913 435 954 8
444 925 456 961 ;
491 911 531 962 3,
556 912 621 960 2ο,
646 912 682 951 4.
714 908 796 960 βίοι
821 908 927 949 idem
959 913 1023 950 est
1060 914 1183 963 atque
1208 921 1313 963 opes
1340 911 1379 961 5,
1406 912 1446 961 8,
1473 911 1511 955 5.
1544 909 1653 952 οἰκία
1687 910 1794 953 idem
1820 913 1884 951 est
1908 922 1960 951 ac
1982 907 2135 952 familia
2156 910 2245 953 sivo

255 986 359 1026 gens
385 974 447 1022 (2,
460 975 528 1021 37,
540 976 596 1022 7).
634 970 748 1023 χώρα
773 983 855 1010 non
873 984 970 1010 raro
993 971 1099 1011 idem
1127 977 1191 1011 ost
1214 985 1268 1011 ac
1290 978 1475 1011 nostrum
1503 973 1636 1024 Stetit,
1663 982 1823 1012 munus.

375 1030 508 1087 α’γορά
532 1040 571 1074 et
596 1032 788 1086 σιταρχία
807 1037 903 1072 sunt
928 1044 1004 1084 pro
1023 1037 1133 1079 οτι-ος
1158 1033 1228 1088 (l,¹
1242 1034 1307 1082 53,
1329 1034 1373 1081 3;
1397 1034 1432 1083 1,
1454 1035 1518 1085 66,
1539 1036 1599 1085 6),
1630 1031 1791 1084 εὔλογος
1814 1046 1889 1087 pso
1916 1031 2039 1081 καλός
2061 1036 2098 1087 1,
2118 1034 2244 1086 72,13

249 1096 550 1147 ἔπικοιμάσθαι
576 1108 652 1147 pro
679 1096 869 1146 ignavum
897 1107 993 1134 esse
1020 1096 1059 1143 7,
1090 1097 1153 1143 13,
1178 1098 1218 1144 4,
1247 1097 1361 1145 γένος
1384 1107 1461 1148 pro
1488 1096 1612 1146 natio,
1639 1090 1808 1147 ειῖλαβῆς
1834 1108 1912 1148 pro
1937 1094 2078 1142 δειλός.

373 1158 476 1199 Huic
500 1158 593 1198 loco
621 1156 918 1197 adscribendae
944 1162 1038 1197 sunt
1063 1168 1191 1197 voces
1212 1157 1412 1209 quaedam
1440 1156 1649 1206 militares,
1674 1158 1713 1197 in
1731 1157 1879 1209 quibus
1904 1158 2069 1199 novavit
2095 1157 2245 1211 aliquid

248 1221 462 1275 Polybius:
488 1221 549 1259 sic
576 1216 859 1272 στρατόπεδον
883 1224 1102 1271 usurpatur
1126 1231 1203 1270 pro
1229 1218 1352 1272 legio,
1377 1216 1617 1260 ὑπεναντίοι
1644 1224 1738 1260 suut
1761 1216 1922 1269 hostes,
1949 1217 2136 1266 κίνδυνος
2159 1219 2185 1260 ἰ.
2205 1232 2245 1272 q.

249 1282 372 1335 μάχη,
399 1279 572 1331 δύναμις
598 1280 625 1319 i.
653 1292 691 1331 q.
718 1280 936 1319 exercitus.

373 1342 522 1384 Mirum
548 1347 737 1394 quantum
764 1339 954 1392 Polybius
982 1353 1178 1393 graecam
1205 1341 1366 1383 dicendi
1385 1342 1588 1382 rationem
1609 1340 1778 1381 mutavit
1801 1341 1841 1381 in
1861 1342 2096 1393 usurpando
2120 1355 2246 1390 voca-

249 1407 344 1449 bulo
363 1401 530 1449 ἐθνικός
547 1404 606 1454 (1,
625 1405 664 1451 2,
682 1403 767 1451 54),
795 1400 903 1454 quod
930 1401 1035 1440 idem
1054 1407 1118 1441 est
1142 1401 1221 1442 hoc
1247 1401 1340 1443 loco
1359 1415 1410 1443 ac
1434 1407 1552 1442 vetus
1576 1400 1676 1442 illud
1702 1399 1924 1455 δημοτικός.
1960 1404 2190 1457 φαίνεσθαι
2206 1410 2247 1444 et

249 1469 385 1510 δοκεῖν
407 1466 635 1518 promiscue
658 1463 833 1511 adhibet,
852 1465 889 1512 5,
904 1465 970 1511 41,
983 1466 1027 1505 6:
1053 1461 1101 1503 τὸ
1119 1463 1373 1517 φαινόμενον
1385 1464 1519 1514 λέγειν
1540 1464 1644 1517 sign.
1658 1465 1898 1505 sententiam
1918 1465 2075 1506 dicei-ez
2091 1469 2129 1516 2,
2143 1468 2207 1517 50,
2219 1468 2246 1508 2

250 1530 447 1580 δόξαντος
491 1522 619 1566 αὐτοῦ
651 1524 814 1571 δικαίως
846 1525 967 1565 τοῦτο
1001 1523 1221 1577 πράττειν,
1256 1538 1349 1566 cum
1381 1531 1602 1578 appareret
1618 1524 1745 1565 'illum
1776 1524 1859 1566 hoc
1887 1526 1979 1573 jure
2012 1525 2174 1576 facere3
2201 1535 2248 1568 ut

248 1600 412 1635 veteres
441 1586 625 1644 φθάνειν
658 1599 750 1627 cum
782 1587 996 1639 participio
1033 1587 1340 1640 conjunxerunt,
1375 1587 1436 1627 sic
1461 1586 1655 1638 Polybius
1690 1585 1798 1627 hanc
1824 1586 2054 1639 analogiam
2080 1595 2246 1640 secutus

248 1656 290 1696 in
315 1653 429 1695 verbi
456 1648 643 1706 φθάνειν
667 1647 805 1689 locum
832 1654 873 1689 et
900 1648 1176 1689 condicionem
1202 1648 1403 1689 substituit
1427 1653 1672 1698 καταταχετν
1692 1649 1734 1698 3,
1755 1651 1818 1700 16,
1836 1651 1861 1692 4
1886 1653 2114 1701 samagar
2135 1649 2245 1705 διορ-

249 1713 509 1766 θυσάμενος.

373 1772 611 1824 ἔξοκέλλειν,
635 1772 742 1825 quod
767 1772 933 1824 proprie
961 1772 1104 1812 dicitur
1129 1771 1180 1812 de
1199 1773 1318 1821 -navi,
1351 1785 1453 1826 quae
1479 1772 1534 1812 ad
1558 1784 1663 1813 saxa
1684 1771 1909 1825 appellitur,
1935 1779 2031 1825 apte
2052 1773 2246 1815 transfert

248 1839 332 1882 hoc
357 1838 500 1879 modo:
526 1836 582 1881 εἷς
606 1831 767 1888 τρυφὴν
790 1832 1012 1881 ἐξοκέλλειν
1036 1834 1076 1873 in
1102 1834 1299 1875 luxuriam
1326 1834 1471 1887 abripi.

375 1900 461 1940 Sed
486 1898 591 1937 haec
616 1896 829 1936 hactenus.
882 1895 1264 1947 circumspiciamus
1280 1897 1368 1949 jam
1403 1895 1558 1935 formas
1587 1894 1681 1934 illas
1706 1896 1936 1943 verborum,
1961 1895 2002 1934 in
2024 1897 2166 1947 quibus
2192 1897 2245 1937 ab

248 1962 479 2006 Atticorum
507 1970 579 1997 usu
609 1956 800 1997 discessit
827 1955 1039 2009 Polybius:

374 2022 512 2076 ἔφησα
539 2024 674 2059 exstat
699 2030 775 2070 pro
804 2017 909 2071 ἔφην
935 2020 991 2070 (2,
1022 2020 1082 2069 17,
1109 2020 1169 2070 6),
1195 2016 1441 2073 παριστάναι
1465 2031 1543 2072 pro
1569 2018 1795 2072 παρίστημι
1818 2019 1856 2069 3,
1883 2020 1947 2067 96,
1974 2019 2012 2060 3.
2066 2017 2246 2072 optativi

249 2087 406 2128 formas
427 2085 467 2123 in
493 2096 586 2132 αιμι
611 2088 653 2121 et
680 2095 726 2119 αι
749 2081 986 2120 desinentes
1006 2081 1154 2133 ubique
1173 2081 1373 2132 praefert:
1400 2078 1611 2133 οἷπορῆσαι
1626 2094 1688 2125 τις
1712 2083 1753 2128 2,
1770 2082 1834 2128 29,
1855 2082 1872 2121 1
1891 2078 2063 2132 ποιῆσαι
2075 2083 2192 2129 2,68,
2205 2083 2244 2123 2.

255 2146 407 2188 Acristi
437 2144 548 2184 illius
582 2139 828 2181 ἐπανείλατο
863 2154 981 2181 usum
1015 2143 1103 2195 jam
1139 2155 1264 2196 supra
1309 2142 1552 2183 notavimus.
1610 2139 1747 2181 Habet
1780 2140 1928 2180 deinde
1966 2138 2134 2195 α’γῆοχα,
2178 2142 2244 2183 cui

255 2205 507 2260 Phrynichus
534 2204 630 2244 illud
657 2201 713 2256 μὴ
737 2201 852 2243 πάνυ
875 2205 1031 2244 πείθου
1056 2206 1260 2257 apposuit.
1294 2205 1337 2244 In
1364 2204 1592 2244 nominibus
1611 2203 1877 2243 substantivis
1899 2203 2149 2244 declinandis
2172 2215 2244 2243 no·

253 2269 364 2309 vavit
388 2265 580 2321 διώρυγος
605 2279 679 2319 pro
707 2263 902 2318 διώρυχος
927 2267 986 2316 (5,
1011 2268 1076 2318 22,
1102 2268 1160 2317 4),
1185 2262 1326 2319 πὴχῶν
1350 2277 1426 2318 pro
1452 2265 1629 2318 πηχέων.

377 2330 593 2377 Praeterea
625 2328 832 2368 notandae
860 2328 1063 2368 scribendi
1090 2329 1359 2376 diversitates,
1392 2334 1436 2367 ut
1462 2326 1626 2379 γηραιός
1650 2338 1725 2377 pro
1750 2323 1923 2377 γεραιός,
1947 2326 2077 2379 τῆσθε
2102 2333 2144 2368 et
2167 2340 2243 2379 pq·

253 2391 336 2432 θὲν
358 2403 433 2443 pro
453 2388 568 2442 τῆςδε
589 2394 629 2429 et
653 2386 795 2441 μηδὲν.
834 2388 1135 2430 Adverbiorum
1157 2386 1318 2429 illorum
1342 2386 1499 2430 formas
1520 2387 1687 2442 πρῶτον
1710 2384 1841 2440 μόνον
1865 2387 2107 2441 saepissime
2133 2401 2244 2429 com·

252 2452 422 2493 mutavit
447 2452 513 2499 iis,
539 2464 642 2503 quae
669 2452 709 2490 in
736 2463 790 2496 ως
821 2450 1021 2491 desinunt.
1066 2451 1312 2490 Monuerunt
1335 2457 1501 2490 veteres
1526 2450 1637 2490 hunc
1654 2462 1771 2489 usum
1791 2462 1817 2488 a
1843 2449 1991 2491 Stoicis
2018 2448 2243 2502 profectum

252 2526 361 2563 esse,
386 2511 453 2565 qui
476 2510 569 2553 illas
586 2510 756 2562 formas,
781 2512 924 2565 quibus
948 2511 1133 2553 adverbii
1151 2511 1354 2559 notionem
1376 2512 1506 2564 magis
1531 2511 1730 2565 insignem
1747 2511 1968 2552 redderent
1986 2511 2242 2551 distinerent·

251 2587 334 2629 que
358 2575 411 2615 ab
429 2573 719 2626 adjectivorum
743 2574 910 2623 neutris,
934 2573 1171 2626 plerumque
1188 2573 1396 2614 asciscere
1410 2572 1597 2614 solebant
1609 2574 1667 2624 (1,
1682 2575 1721 2622 4,
1739 2574 1804 2621 113
1816 2575 1855 2624 4,
1868 2575 2015 2621 21,11;
2035 2573 2096 2621 10,
2113 2573 2172 2622 11,
2184 2573 2243 2624 6).

374 2634 468 2676 Jam
495 2634 785 2685 examinantes,
811 2648 915 2688 quae
939 2636 979 2675 in
1006 2634 1167 2688 syntaxi
1199 2635 1438 2675 adornanda
1463 2647 1572 2675 nova
1598 2634 1789 2684 attulerit,
1814 2633 1962 2675 multos
1987 2633 2103 2674 locos
2126 2633 2242 2675 inve-

240 2698 398 2748 -nimus,
429 2695 497 2736 ubi
523 2709 550 2736 a
574 2695 753 2736 naturali
785 2709 952 2737 casuum
985 2697 1028 2736 vi
1053 2708 1174 2750 quam
1199 2696 1368 2737 maxime
1396 2696 1599 2738 discessit.
1652 2696 1738 2737 Hoc
1763 2697 1803 2736 in
1830 2708 1994 2748 genere,
2020 2695 2055 2735 si
2087 2696 2138 2736 ab
2172 2705 2242 2736 ac·

254 2759 440 2801 cusativo
484 2757 675 2809 capimus
700 2758 904 2798 exordium
911 2786 924 2807 ,
958 2759 1131 2809 primum
1164 2757 1392 2800 absolutum
1416 2758 1528 2799 illum
1560 2758 1855 2805 accusativum,
1883 2758 2001 2810 cujus
2018 2757 2107 2810 Jam
2132 2756 2243 2810 apud
