2454 3238
1136 300 1197 344 11

171 432 394 482 ἒπίστασις,
417 435 664 486 προαίρεσις,
688 435 850 485 αἷρεσις,
876 431 1087 484 ἓπίφασις,
1118 432 1368 487 παράθεσις,
1400 429 1634 484 πρόςθεσις,
1663 429 1925 488 κατάγνωσις,
1952 428 2157 483 διάληψις,

172 491 404 546 μετάθεσις,
434 491 671 546 μετάληψις,
707 491 909 543 σύστασις,
938 490 1203 566 ὑπερκέρασις
1230 500 1452 535 sexcentae
1489 491 1607 532 aliae.
1662 492 1756 532 'Hoc
1783 492 1903 543 igitur
1930 491 1970 530 in
1989 503 2156 532 numero

173 570 256 597 vox
269 562 346 608 est
368 555 591 610 ἐπίστασις,
624 569 745 608 quam
769 569 798 595 ιι
822 555 970 597 Stoicis
986 557 1125 612 ptimo
1152 563 1385 610 usurpatam
1413 557 1534 596 docet
1557 554 1658 595 Lob.
1683 554 1738 594 ad
1762 553 1910 606 Phryn.
1933 556 1971 603 2,
1997 555 2061 602 81,
2088 566 2158 594 ea·

172 630 251 672 que
284 605 542 659 multifariam
573 618 697 658 utitur
731 615 959 674 Polybius.
992 617 1057 675 Ac
1084 617 1263 677 primum
1299 618 1464 672 quidem
1503 616 1611 656 idem
1644 620 1711 657 est
1749 615 1875 692 ιιιιοᾷ
1897 615 2041 669 στῆναι
2073 613 2157 666 ἐπί,

173 680 388 722 collocatio
415 680 530 719 unius
554 686 662 733 post
677 678 867 734 alterum·
898 682 942 731 1,
955 669 1064 736 26,1
1084 678 1169 736 τὴν
1190 671 1405 730 ἐπίστασιν
1430 679 1502 720 ἐπὶ
1528 665 1715 731 ἀλλήλοις
1739 673 1820 728 εἶχε
1843 692 1896 717 τα
1923 676 2080 732 σκαφηε
2106 678 2158 717 ab

170 740 251 783 hac
276 743 440 785 notione
466 743 632 795 propria
657 742 712 782 ad
735 731 900 792 initium,
926 743 1135 795 exordium
1160 741 1467 800 significandum
1492 741 1734 788 translatum
1759 746 1842 782 est:
1872 742 1910 790 1,
1927 742 1993 789 22,
1995 735 2035 784 6
2069 736 2159 780 α’πό

171 802 317 857 ταύτης
332 801 466 858 α’ρχῆς
491 803 786 858 ἐποιησάμεθα
804 802 879 850 τοὶς
904 802 1154 852 ἐπιστάσειςε
1181 816 1305 856 porro
1323 804 1567 856 saepissime
1585 802 1731 843 eadem
1754 816 1838 843 vox
1862 808 2095 853 usurpatur,
2121 802 2159 842 si

171 866 339 940 subsisti
357 873 404 908 ct
422 867 601 919 gradum
626 865 801 913 inhiberi
825 866 1089 922 significetur,
1113 880 1194 922 quo
1219 864 1478 907 referendum
1504 864 1602 905 illud
1629 859 1845 912 ἐπίστασις
1862 862 2041 918 ἐγενήθη
2057 863 2161 917 πρδς

169 926 219 974 τὸ
243 926 381 982 παρόν
411 941 528 975 mora
560 928 710 969 incidit.
762 929 998 987 Praecipue
1027 935 1163 985 autem
1194 927 1312 969 locus
1343 934 1407 968 est
1431 927 1546 967 vocis
1577 926 1810 976 ἐπίστασις,
1836 940 1960 989 quum
1985 926 2159 967 substiti·

172 1003 262 1030 mus
288 992 343 1031 ad
368 1003 455 1031 rem
482 996 522 1030 et
545 990 585 1029 in
613 1003 663 1030 ea
687 990 938 1052 immoramur
960 991 1264 1034 considerantes
1291 995 1334 1030 et
1353 990 1649 1041 expendentem
1674 988 1772 1030 hinc
1798 995 1937 1029 manat
1963 1002 2015 1030 ea
2040 988 2160 1027 inter-

170 1053 346 1103 ιιι-αιιιῐίο
370 1045 499 1103 vocis,
527 1058 572 1092 ut
595 1052 699 1114 idem
723 1053 784 1093 sit
798 1046 919 1105 atque
934 1053 1248 1110 animadversio,
1273 1054 1454 1106 attentio,
1480 1050 1705 1102 diligentia:
1731 1053 1771 1102 3,
1784 1054 1825 1102 2,
1839 1052 1865 1092 7
1890 1046 1915 1102 ἧ
1933 1048 1977 1098 ἕξ
2002 1047 2162 1102 α’μφοῐν

172 1111 394 1164 ἐπίστασις
408 1116 478 1155 καὶ
502 1114 606 1161 θέας
624 1117 671 1163 2,
698 1117 743 1166 2,
760 1099 787 1166 2
810 1118 895 1165 μετ’
921 1094 1173 1159 ἐπιστάσεώς
1199 1125 1308 1152 cum
1319 1098 1535 1164 diligentia.

294 1175 382 1217 Huc
402 1174 504 1216 libet
529 1173 733 1217 ascribere
765 1175 951 1229 ὕπαρξις,
978 1177 1087 1229 quod
1113 1175 1260 1216 eodem
1286 1186 1413 1216 sensu
1436 1181 1654 1225 usurpatur
1674 1187 1726 1214 ac
1750 1187 1802 1213 τα
1830 1170 2073 1227 ὖπᾶρχοντα
2092 1185 2160 1214 res

166 1234 382 1288 familiaris
407 1239 457 1287 2,
473 1239 625 1288 17,11.

294 1298 388 1338 Jam
413 1299 629 1340 afferemus
654 1298 815 1351 singula
838 1286 1127 1340 vocabulorum
1151 1297 1362 1350 exempla,
1381 1310 1487 1350 quae
1513 1276 1636 1338 antea
1667 1304 1739 1338 aut
1764 1298 1963 1343 inusitata
1983 1303 2056 1338 aut
2080 1296 2160 1338 alio

172 1373 301 1401 sensu
325 1368 524 1414 usurpata
548 1362 600 1400 in
615 1361 836 1401 Atticorum
864 1360 1154 1404 vocabulorum
1186 1361 1321 1401 locum
1350 1374 1377 1400 a
1404 1361 1569 1413 Polybio
1605 1367 1700 1402 sunt
1734 1360 1969 1400 substituta.
2040 1360 2110 1400 Sic
2135 1372 2163 1399 ιι

170 1421 408 1474 Phrynicho.
429 1435 557 1465 voces
570 1422 835 1475 Polybianae
865 1422 1143 1474 vituperantur
1173 1422 1273 1465 hae.
1307 1418 1541 1473 ὑπόδειγμα
1576 1424 1615 1472 6,
1642 1425 1708 1472 54,
1734 1424 1773 1497 6,
1803 1422 1912 1474 quod
1945 1435 2028 1462 non
2062 1422 2161 1462 scri-

169 1483 346 1524 bendum
373 1484 583 1536 praecipit·
597 1479 853 1537 Phrynichus
877 1495 952 1535 pro
976 1482 1251 1539 παράδειγμα.

294 1542 559 1600 ευχαριστεῖν,
576 1553 623 1598 ut
647 1544 902 1599 Phrynichus
928 1545 998 1594 ait,
1024 1542 1157 1593 οὐδεὶς
1181 1559 1262 1587 των
1287 1545 1464 1604 δοκίμων
1478 1542 1592 1586 εἶπεν
1613 1543 1718 1588 α’λλᾶ
1737 1544 1860 1598 χάριν
1876 1545 2080 1599 εἶδέναιιι.
2098 1547 2158 1589 18.

170 1609 283 1649 Idem
298 1608 499 1659 improbat
517 1594 697 1655 ευδοιιεῒν
716 1608 860 1647 eodem
877 1619 1005 1657 sensu
1017 1608 1192 1661 positum
1212 1621 1291 1662 quo
1305 1609 1552 1657 consentire,
1573 1606 1669 1660 ἄρτι
1681 1622 1759 1660 pro
1776 1608 1871 1648 νῦν.
1892 1609 1950 1648 cf.
1965 1612 2026 1657 16,
2040 1611 2105 1659 28,
2121 1611 2159 1651 5.

295 1666 431 1721 α’κμῆν
467 1666 565 1709 α’ντῖ
595 1670 669 1709 τοῦ
701 1668 761 1709 ἔτι
797 1666 1040 1729 φυλλᾶττου
1063 1670 1246 1723 χρῆσθαι
1274 1669 1372 1710 ..Phr
1398 1683 1439 1721 p·
1469 1672 1554 1719 123,
1589 1684 1670 1723 qua
1701 1671 1753 1710 de
1786 1683 1834 1710 re
1859 1670 2093 1711 Lobeckius
2118 1671 2161 1710 in

172 1731 433 1772 adnotatione
467 1730 562 1770 huic
589 1724 814 1782 Phrynichi
837 1730 930 1770 loco
963 1732 1170 1781 adscripta
1196 1733 1316 1771 docet
1341 1731 1465 1770 haec:
1501 1732 1680 1772 Veteres
1715 1726 1967 1782 grammatici
2003 1732 2055 1771 de
2081 1731 2163 1772 hoc

170 1789 372 1833 vocabulo
398 1791 652 1843 dissentiunt,
669 1791 746 1837 alii
772 1797 886 1841 recte
911 1790 1057 1831 hunc
1046 1804 1086 1831 ιιι
1106 1794 1276 1834 modum
1302 1806 1378 1851 pro
1404 1793 1465 1832 ἔτι
1500 1793 1687 1845 usurpari
1720 1792 1872 1842 dicunt,
1904 1791 1973 1833 alii
1997 1799 2161 1845 negant.

172 1853 288 1893 Duas
313 1853 435 1906 hujus
461 1854 577 1893 vocis
604 1849 922 1905 significationes
947 1865 1046 1893 esse
1072 1855 1321 1895 credendum
1356 1860 1433 1912 est,
1468 1867 1588 1894 unam
1622 1855 1730 1906 apud
1762 1854 1922 1895 Atticos
1952 1868 2043 1894 cum
2076 1867 2161 1895 ma-

170 1916 294 1965 xime,
313 1914 490 1955 alteram
516 1916 794 1956 recentiorem
806 1914 880 1957 ἔτι.
931 1901 1135 1956 'Conferas
1159 1915 1276 1956 locos
1303 1914 1551 1972 Polybianos
1576 1919 1617 1965 4,
1640 1917 1707 1965 39,
1738 1918 1775 1964 1,
1800 1918 1840 1964 2,
1867 1912 1971 1966 3,2.

296 1975 579 2026 ἐξιδιάζεσθαι
603 1978 734 2024 κακῶς
765 1988 840 2030 pro
866 1976 1080 2017 ἷδιοῦσθαι
1110 1980 1149 2027 3,
1177 1981 1242 2027 24,
1273 1980 1335 2019 14.
1362 1975 1595 2029 σύμπτωμα
1625 1979 1684 2029 (1,
1712 1980 1776 2029 75,
1804 1980 1848 2028 8)
1884 1992 1907 2018 e
1941 1974 2162 2031 Phrynichi

172 2040 426 2087 auctoritate,
452 2052 694 2092 quamquam
719 2039 873 2092 passim
897 2040 1023 2104 apud·
1031 2040 1189 2081 Atticos
1215 2039 1377 2090 legitur,
1402 2047 1537 2080 tamen
1559 2052 1635 2092 pro
1661 2042 1858 2090 συντυχία
1878 2040 2161 2094 accipiendum

86 2157 93 2162 ⁷
169 2101 245 2142 τοῦ
268 2099 503 2155 γεννήματα
527 2115 606 2142 ιιοιι
632 2110 719 2155 est.

296 2163 360 2204 De
383 2177 424 2205 v.
449 2163 682 2218 γεννήματα
707 2162 781 2215 (τα
809 2163 854 2203 ἐκ
878 2165 948 2218 τῆς
970 2155 1060 2218 γῆς)
1090 2145 1124 2215 1,
1151 2166 1215 2214 71,
1245 2167 1289 2212 1;
1301 2167 1352 2212 1,
1377 2165 1440 2213 76,
1470 2167 1489 2206 1
1517 2163 1599 2205 hoc
1624 2165 1720 2222 dicit
1743 2164 1920 2218 Phryna
1945 2165 2043 2218 χρῆν
2067 2161 2161 2205 α’ντι

172 2227 246 2268 τοῦ
270 2225 502 2279 γεννήματα
525 2225 709 2280 καρποιὶς
732 2225 893 2277 λέγειν.-

294 2290 530 2343 περίστασις
552 2290 746 2342 probatur
770 2288 1015 2345 Phrynicho,
1039 2288 1075 2328 si
1099 2278 1211 2344 vulgi
1226 2300 1421 2329 coronam
1435 2288 1657 2341 significet:
1682 2303 1728 2329 π.
1746 2301 1824 2341 pro
1844 2287 2037 2348 συμφορά
2055 2289 2161 2331 Stoi-

173 2362 248 2408 cos
272 2352 423 2401 primos
450 2352 669 2402 scripsisse
696 2351 839 2390 dicit.
925 2385 930 2389 ,
992 2382 997 2386 .

296 2409 516 2465 πρόςωπον
542 2417 609 2452 est
627 2422 821 2463 persona,
853 2404 955 2465 quae
980 2411 1199 2461 inducitur,
1233 2410 1309 2451 sub
1340 2412 1458 2465 cujus
1476 2412 1645 2453 nomine
1671 2411 1800 2453 latent
1826 2412 1911 2463 alii,
1935 2415 1974 2465 5,
2004 2414 2091 2463 1⁰7,
2116 2415 2161 2459 3·

173 2476 212 2524 5,
230 2475 295 2523 25,
318 2476 356 2516 8.
408 2472 664 2528 Phrynichus
698 2475 813 2524 (379)
846 2472 1054 2526 profitetur
1079 2473 1267 2515 rhetores
1293 2473 1333 2511 in
1351 2473 1519 2529 judiciis
1550 2472 1662 2520 falso
1689 2475 1770 2515 hac
1794 2488 1899 2516 voce
1925 2488 2026 2517 usos
2052 2488 2159 2516 esse.

172 2537 525 2609 Pmeparaverunt
549 2534 655 2574 haec
679 2535 830 2588 vitium,
854 2542 899 2574 ut
921 2535 979 2574 ait
996 2533 1271 2588 Lobeckius'
1259 2547 1300 2573 ιιι
1326 2535 1606 2585 adnotatione,
1630 2538 1817 2588 poeticae
1844 2536 2158 2581 circumlocutio-

173 2610 252 2638 nes
271 2593 438 2651 apavfig,
463 2593 648 2650 ἡσυχίας
655 2593 888 2648 πρόςωπον,

294 2658 612 2714 ἀφθαλμιᾶν,
638 2659 747 2711 quod
771 2658 1014 2712 vocabulum
1026 2633 1200 2713 proprie
1224 2657 1428 2711 significat
1452 2672 1505 2700 ex
1529 2659 1660 2700 oculis
1687 2661 1843 2710 dolere,
1867 2662 1975 2702 alibi
1988 2660 2160 2701 transla-

174 2728 256 2764 tum
282 2721 351 2765 vel
375 2721 555 2764 invidere
582 2720 750 2762 denotat
772 2720 839 2762 vel
864 2734 955 2770 cum
980 2720 1201 2774 cupiditate
1225 2719 1371 2761 aliena
1383 2731 1431 2762 re
1457 2722 1549 2764 frui.
1587 2721 1691 2765 Plut.
1719 2722 1840 2765 Caes.
1867 2725 1914 2765 2.
1941 2722 2160 2778 ἐποφθαλ-

168 2782 294 2834 μιᾶν..
317 2782 472 2836 Polyb.
488 2784 562 2833 -32,
588 2784 656 2826 21
664 2782 827 2836 πλῆθος
849 2782 932 2825 τῶν
953 2780 1168 2837 προςόδων
1190 2779 1455 2835 &peamau
1849 2840 1901 2878 ²·
