2454 3238
1237 286 1305 330 14

273 424 468 474 εςόλμων.
520 418 644 458 Aliud
669 423 734 456 est
757 418 870 469 quod
893 418 1055 469 scripsit
1081 420 1145 467 21,
1163 419 1202 466 9,
1221 420 1241 458 1
1275 414 1421 455 ἓδεδιει
1443 412 1498 469 μὴ
1529 416 1758 457 ποιοῦνται.
1797 416 2015 458 Infinitivus
2038 419 2135 462 loco
2158 432 2258 505 para

272 486 394 538 ticipii
420 487 484 525 est
512 483 573 529 14,
598 482 638 531 8,
669 481 717 522 10
743 477 966 533 ἐφαίνοντο
990 478 1112 532 ᾔκειν.
2002 508 2011 517 ,

302 581 305 582 ⁷
398 545 468 584 Hic
506 543 649 595 etiam·
667 541 813 581 liceat
829 553 1148 591 commemorare
1178 539 1407 593 Polybium
1423 549 1517 591 Qpro
1532 539 1748 594 participio
1787 539 1962 596 perfecti
2002 508 2257 596 participium

271 605 503 662 praesentis
524 591 780 653 collocasse,
795 612 910 656 quae
935 614 1004 642 res
1030 601 1137 655 adeo
1162 601 1331 642 vexavit
1364 607 1537 656 veteres
1553 601 1816 654 interpretes,
1843 608 1887 644 ut
1910 600 2017 650 haec
2043 605 2259 678 participia

273 675 418 711 contra
449 665 649 706 librorum
680 665 961 706 auctoritatem
997 645 1242 716 corrigenda
1275 669 1510 714 censerent,
1545 671 1607 705 est
1641 662 1734 704 talis
1759 656 1878 705 locus
1903 665 2194 711 vexatissimus
2214 668 2259 709 in

271 734 363 784 ipso
389 729 514 783 primi
536 728 627 768 libri
651 728 758 769 initio
793 727 830 766 εἴ
851 727 928 776 μὲν
950 732 1035 771 τοῖς
1065 739 1148 780 προ
1174 721 1291 779 ’ἡμῶν
1317 722 1626 781 ἀναγράφουσι,
1644 727 1755 781 quod
1781 740 1873 768 cum
1906 726 1998 768 libri
2023 728 2162 781 scripti
2188 741 2259 769 ex-

269 795 410 836 hibent
426 803 593 840 omneS,
619 797 703 831 tum
728 788 890 830 fulcitur
914 787 1111 840 exemplis
1136 787 1219 829 his:
1249 791 1310 839 16,
1338 791 1399 839 14,
1425 792 1445 831 1
1482 789 1574 830 ἐπεὶ
1598 789 1643 830 δέ
1666 803 1772 836 τινες
1804 790 1885 830 τῶν
1909 786 1984 835 τὰς
2007 788 2131 830 moi‘
2118 793 2260 865 ‘pem

268 852 513 910 γραφὸντων
537 850 705 906 πράξεις
728 848 954 905 γεγράφασι
978 853 1049 890 καὶ
1078 854 1173 903 περὶ
1195 849 1348 891 τούτων
1370 851 1453 892 τῶν
1471 851 1637 905 καιρῶν.
1657 855 1703 902 1,
1726 854 1793 903 55,
1809 855 1835 895 3
1863 850 1887 893 o‘
1911 851 1989 906 γάρ
2007 852 2140 936 ponpa?
2152 844 2259 907 upri-

269 931 391 972 τερον
416 914 601 961 ἐνδιδούς
625 913 748 953 ἔλεον.
2112 946 2117 949 »

395 979 651 1033 Magnopere
676 987 796 1028 porro
823 972 1018 1026 Polybius
1050 982 1078 1015 ‘a
1111 973 1312 1015 sermonis
1337 972 1458 1015 Attici
1489 969 1651 1028 legibus
1682 983 1725 1017 et
1758 975 1963 1029 elegantia
1994 952 2186 1019 desciscit
2219 978 2260 1017 in

261 1055 352 1084 ‚usu
368 1040 739 1094 praepositionum,
765 1038 809 1076 id
835 1036 944 1088 quod
969 1035 1158 1076 facillime
1184 1035 1271 1076 fieri
1296 1037 1440 1088 potuit,
1467 1037 1656 1089 quoniam
1680 1038 1788 1079 istae
1808 1037 1981 1078 voculae
1999 1050 2075 1079 usu
2101 1038 2169 1080 vel
2193 1037 2260 1080 tri·

271 1105 470 1152 tissime,
497 1112 600 1153 quae
618 1105 683 1140 est
700 1111 841 1140 earum
857 1104 1016 1147 natura,
1039 1098 1248 1138 notionem
1272 1097 1551 1151 principalem
1560 1099 1725 1174 minime
1748 1100 1924 1141 retinere
1947 1100 2017 1139 et
2004 1113 2046 1144 m
2069 1100 2259 1146 diversis-

270 1166 401 1207 simas
427 1161 743 1216 significationes
764 1159 982 1202 discedere
1009 1158 1152 1199 solent.
1620 1183 1622 1185 -
1671 1182 1674 1186 .

270 1259 272 1262 .
326 1231 343 1265 .’
393 1226 453 1265 lta
491 1224 603 1275 apud
636 1221 845 1273 Polybium
878 1221 1117 1292 saepissime
1152 1234 1232 1272 usu
1262 1221 1390 1270 venit,
1429 1226 1477 1276 ut
1509 1222 1838 1273 praepositiones
1881 1222 1967 1264 vim
2008 1233 2125 1263 suam
2166 1235 2260 1267 cum

269 1287 380 1337 aliis,
402 1285 444 1326 in
470 1285 615 1338 quibus
646 1282 785 1324 similis
802 1282 910 1324 inest
935 1282 1013 1332 vis,
1040 1289 1344 1333 commutarent,
1369 1288 1441 1323 aut
1466 1282 1508 1322 in
1533 1281 1678 1334 locum,
1709 1285 1778 1324 ubi
1804 1285 1916 1337 prius
1941 1297 2065 1327 casus
2089 1285 2181 1336 ipse
2201 1286 2260 1327 ad

268 1348 513 1391 sententiam
545 1345 845 1397 exprimendam
878 1344 1002 1384 satis
1014 1343 1105 1392 fuit,
1138 1345 1314 1385 notionis
1350 1344 1564 1397 augendae
1588 1355 1717 1389 causa
1742 1346 1999 1386 accederent.
2055 1345 2260 1387 Nonnulla

266 1409 389 1464 hujus
415 1408 479 1449 rei
503 1405 691 1460 exempla
716 1406 941 1459 eademque
966 1405 1140 1447 maxime
1161 1406 1382 1459 perspicua
1403 1406 1696 1457 adscribemus,
1722 1409 1911 1461 quoniam
1937 1408 2071 1452 omnia
2098 1421 2260 1450 enume-

265 1485 363 1513 rare
378 1470 555 1523 ‘longum
573 1477 652 1511 est·-
703 1468 789 1509 Sic-
805 1481 832 1508 a
858 1468 980 1510 solita
1013 1469 1056 1510 vi
1082 1468 1360 1520 compluribus
1391 1468 1502 1510 locis·
1528 1470 1781 1522 praepositio·
1809 1465 1897 1509 ἅπό
1923 1469 2090 1512 deflexit
2114 1477 2157 1511 et
2188 1470 2260 1511 ad-

258 1536 403 1588 juncta
426 1536 492 1571 est
510 1531 709 1583 genitivo„
728 1531 763 1570 si
782 1530 951 1582 pretium
975 1529 1148 1582 alicujus
1166 1531 1228 1569 rei
1254 1529 1484 1581 significare
1500 1531 1598 1571 velit
1623 1531 1810 1583 scriptor.v
1834 1533 1982 1581 22,;17,
2006 1535 2031 1574 4
2059 1533 2263 1585 στέφανος

266 1591 362 1636 ἀπὸ
381 1592 675 1637 πεντεκαίδεκα
697 1589 924 1633 ταλάντων.
958 1590 1324 1644 Frequentissimus
1350 1604 1475 1645 porro
1501 1599 1693 1635 ususest
1717 1592 1850 1647 huJus
1867 1594 2179 1646 praepositionis
2206 1596 2260 1638 ad

267 1666 400 1700 ortum
421 1657 483 1698 rei
508 1656 681 1708 alicujus
706 1655 989 1704 denotandum,
1017 1666 1098 1705 qua
1122 1654 1164 1693 in
1189 1667 1236 1694 re
1262 1666 1471 1695 sacrarum
1493 1666 1627 1696 rerum
1659 1656 1880 1706 scriptores
1905 1656 2036 1698 secuti
2061 1664 2156 1697 sunt
2180 1658 2260 1699 Po-

265 1719 430 1773 lybium.
481 1718 682 1769 Exempla
716 1730 769 1758 ex
802 1716 885 1756 hoc
918 1716 1159 1768 deprompta
1193 1714 1300 1756 haec
1332 1722 1447 1756 sunt:
1486 1718 1522 1766 5,
1548 1718 1612 1767 70,
1640 1718 1666 1759 8
1701 1713 1749 1758 οἷ’
1775 1712 1864 1756 dno*
1895 1716 1966 1770 τῆς
1997 1715 2152 1766 πόλεως
2185 1732 2260 1773 op-

258 1781 421 1834 pidani.
473 1783 513 1830 2,
543 1781 570 1822 8
596 1778 638 1820 οἵ
663 1776 753 1822 oin&
784 1776 956 1824 Ἰταλίας
986 1776 1245 1828 πλοϊζόμενοι
1270 1784 1531 1820 ‘mercatores
1561 1779 1663 1819 Itali.
1723 1779 1814 1819 Huc
1843 1779 1977 1819 'etiam
2013 1779 2259 1823 referendae

267 1849 362 1884 sunt
382 1841 480 1882 illae
497 1846 737 1890 structurae,
756 1840 919 1893 quaein
936 1839 1116 1879 adverbii
1128 1840 1539 1894 speciemlabieruntz
1554 1842 1595 1889 8,
1622 1842 1684 1889 19,·
1698 1836 2260 1895 4»οἷ1ζόκρατίστου·γίγνεται

266 1901 295 1957 ἤ
320 1900 493 1955 §napum
522 1902 632 1942 serio
658 1913 797 1953 pugna
813 1900 1082 1943 committitur.
1108 1903 1147 1951 6,
1166 1903 1232 1950 56,
1248 1903 1273 1944 3
1301 1898 1388 1942 αἰπὰ
1414 1901 1488 1942 τοῦ
1511 1902 1727 1955 κρατίστου
1750 1901 2029 1955 χρηματισμός
2045 1902 2260 1956 honestum

266 1966 443 2007 studium
471 1965 532 2005 rei
555 1962 781 2005 familiaris*
1357 1985 1380 2011 0

391 2025 521 2080 Παροῖ
540 2026 678 2066 multis
703 2026 807 2067 locis
833 2026 1007 2067 occurrit
1038 2038 1130 2065 cum
1155 2025 1333 2077 genitivo
1358 2026 1633 2078 conjunctum,
1665 2025 1733 2066 ubi
1757 2038 1809 2066 ex
1834 2026 2060 2067 Atticorum
2086 2039 2260 2069 consue-

266 2089 406 2130 tudine
438 2101 525 2143 rem
558 2088 877 2129 existimantibus
908 2100 989 2128 non
1014 2086 1251 2128 necessaria
1277 2093 1320 2128 et
1352 2100 1662 2143 supervacanea
1687 2087 1846 2129 videtur
1872 2097 1988 2130 esse:
2019 2091 2086 2141 22,
2110 2092 2152 2140 1,
2177 2092 2203 2133 6
2236 2087 2260 2130 ὅ

266 2157 365 2204 παρ’
392 2139 506 2204 ἡμῶν
530 2149 666 2204 πατήρ
692 2156 829 2202 pater
834 2157 994 2191 noster.
1020 2151 1073 2190 ab
1102 2150 1182 2189 hoc
1210 2150 1395 2201 exemplo
1417 2161 1501 2189 non
1522 2150 1688 2192 multum
1713 2151 1933 2202 discrepat,
1960 2153 2069 2203 quod
2090 2152 2260 2202 9,19,9

266 2214 429 2267 legitur:
453 2211 816 2267 πολυπραγμονεῖν
838 2211 893 2253 τοὶ
917 2210 1034 2266 παρὰ
1056 2211 1143 2254 τίῆν
1167 2211 1502 2265 μαθηματικῶν’
1491 2212 1556 2266 lis,
1584 2224 1690 2267 quae
1716 2224 1743 2254 a
1763 2211 2066 2267 mathematicis
2093 2215 2259 2256 tradun-

269 2283 343 2324 tur,
366 2277 433 2316 vel
456 2276 652 2316 scientiae
677 2275 1050 2316 mathematicorum
1075 2283 1246 2333 operam
1273 2276 1385 2315 dare.
1831 2298 1833 2300 >

389 2337 544 2377 Eadem
568 2351 651 2379 vox
677 2337 812 2378 dativo
827 2337 1020 2389 apposita
1045 2335 1256 2390 aliquoties
1274 2347 1443 2379 causam
1464 2335 1683 2390 significat.
1714 2339 1755 2386 2,
1771 2311 1838 2411 30,
1856 2339 1881 2380 5
1914 2351 1963 2377 το
1996 2335 2078 2377 τῶν
2101 2340 2258 2378 Γαισα-

267 2399 352 2439 σῶν
377 2397 568 2452 φρόνημα
593 2398 712 2453 παρὰ
736 2404 821 2445 τοῖς
845 2396 1103 2444 ’ἀκοντισταῖς
1120 2397 1336 2451 κατελύθη.

390 2460 494 2501 Cum
527 2461 766 2501 accusativo
793 2461 829 2501 si
855 2461 1123 2515 conjungitur,
1157 2460 1262 2501 haec
1289 2462 1364 2501 tria
1389 2460 1646 2512 potissimum
1673 2462 1797 2512 digna
1822 2435 2073 2513 sun1„quae
2085 2472 2259 2501 comme-

266 2527 488 2563 morentur.
541 2521 714 2562 Primum
738 2522 795 2563 ita
822 2528 1058 2587 usurpatum
1084 2528 1164 2574 est,
1189 2529 1234 2563 ut
1258 2521 1414 2566 latinae
1440 2522 1756 2576 praepositionis
1789 2522 1899 2574 apud
1931 2523 2022 2565 vioe
2047 2521 2260 2575 fungatur,

265 2596 349 2637 qua
373 2583 417 2623 in
433 2589 560 2635 parte
585 2584 719 2635 potius
743 2574 872 2624 locus
888 2591 953 2625 est
980 2584 1122 2625 dativi.
1159 2588 1313 2634 11,14,
1335 2587 1360 2640 3
1392 2590 1492 2637 παρ’
1522 2580 1666 2625 αὐτὸν
1663 2589 1831 2634 petrau
1864 2598 1946 2638 qua
1969 2585 2010 2624 in
2045 2597 2091 2624 re
2116 2584 2257 2624 nescio

261 2659 328 2687 an
338 2644 463 2697 quid
457 2644 633 2698 effecerit
652 2658 787 2686 sermo
801 2645 964 2695 latinus,
984 2648 1099 2699 quus
1111 2659 1245 2698 propr
1246 2660 1325 2686 mm
1341 2635 1404 2686 est
1418 2646 1649 2698 hujusmodi
1661 2647 1847 2687 notiones
1860 2646 2099 2687 accusativo
2123 2646 2260 2698 expri-

266 2720 391 2748 mere.
443 2706 666 2749 Praeterea
691 2706 807 2760 παροί
842 2721 934 2749 cum
962 2708 1200 2749 accusativo
1219 2708 1364 2762 junxit,
1399 2708 1469 2748 ubi
1501 2719 1671 2748 causam
1701 2708 1897 2749 denotare
1928 2706 2054 2748 voluit
2085 2708 2260 2759 seriptor

268 2770 335 2819 28,
363 2772 423 2819 11,
453 2773 481 2812 4
514 2767 631 2823 παρὰ
653 2769 777 2821 τοῦτο
805 2771 963 2821 συνέβη.
1015 2772 1055 2821 3,
1086 2771 1176 2818 103,
1200 2772 1228 2813 2
1257 2768 1465 2828 μὴ’·παρᾶ
1497 2767 1573 2821 τὴν
1604 2769 1686 2822 τῶν
1721 2767 1936 2819 δυνάμεων
1965 2765 2261 2817 ἀποδειλίασιν,
