2454 3238
1178 232 1212 278 9

206 364 415 439 Polybium
444 365 627 408 omnibus
659 363 809 418 ingenii
828 363 980 405 viribus
1004 363 1148 415 nisum,
1183 371 1228 405 ut
1251 370 1295 406 et
1318 375 1468 416 rerum,
1494 376 1600 418 quas
1625 364 1846 407 traditurus
1872 371 1978 415 erat,
2010 364 2185 419 amplam

205 435 247 471 et
260 428 518 481 perspicuam
535 426 770 468 exhiberet·
758 426 987 480 maginem,
1009 426 1114 479 quod
1139 422 1584 480 εὖπαρακολουθῃ-ὁν·
1572 440 1663 478 lpse
1678 427 1786 478 dicit,
1813 434 1855 468 et
1879 440 1945 479 ea,
1972 439 2079 480 quae
2095 428 2185 481 ipse

203 490 384 542 sentiret,
418 502 538 543 quam
566 488 789 531 certissime
817 486 1036 546 legentium
1064 488 1208 529 animis
1244 488 1500 541 imprimeret,
1532 487 1609 527 sed
1635 501 1663 529 a
1687 488 1845 529 sublimi
1877 489 1947 531 illo
1982 495 2025 530 et
2048 490 2186 530 conci-

204 557 290 593 tato
315 551 472 593 dicendi
503 562 667 603 genere,
697 549 805 603 quod
831 554 1038 592 oratorum
1063 551 1399 603 superiorumque
1424 563 1563 591 rerum
1589 550 1831 603 scriptorum
1863 551 2072 603 proprium
2097 550 2187 601 suit,

202 625 452 672 magnopere
476 624 572 654 esse
598 611 783 653 alienum.
834 611 929 663 Ipse
953 610 1164 666 aliquoties
1190 611 1401 664 profitetur
1430 618 1694 653 contemnere
1727 625 1775 653 se
1800 612 1972 654 artificia
1996 612 2066 654 illa
2092 625 2186 654 ora·

203 674 308 715 toria
339 673 474 726 potius
508 673 562 714 ad
594 664 884 725 tragoedorum
917 684 1035 711 usum
1060 672 1314 724 ableganda,
1334 686 1415 726 qua
1439 674 1479 712 in
1505 680 1625 724 parte
1652 673 1799 725 dignus
1825 680 1890 713 est
1925 674 1991 727 qui
2011 686 2186 715 comme·

201 740 382 778 moretur
406 734 523 775 locus
547 733 639 774 libri
664 734 832 774 secundi
857 733 941 784 (56,
970 734 1050 784 10).
1083 732 1150 773 δεῖ
1169 733 1385 787 τοιγαροῦν
1407 731 1480 776 οὐκ
1504 732 1743 787 ἐκπλήττειν
1764 733 1838 775 τόν
1861 736 2094 789 συγγραφέα
2116 750 2185 775 τε-

202 794 474 850 ρατευόμενον
486 794 559 836 dno?
572 795 646 849 τῆς
658 793 837 849 ἱστορίας
854 794 947 841 τούς
958 793 1280 846 ἐντυγχάνοντας
1293 792 1389 836 οὐδὲ
1400 794 1493 842 τούς
1504 795 1799 847 ἐνδεχομένους
1817 794 1959 846 λόγους
1970 797 2105 849 ζητεῖν
2117 802 2186 837 καὶ

201 854 254 898 cti
280 855 554 911 παρεπόμενα
577 864 662 903 τοῖς
683 854 961 908 ὑποκειμένοις
991 856 1313 909 ἐξαριθμεῖσθαι
1335 856 1532 912 καθάπερ
1563 857 1604 899 οἷ
1637 857 2006 913 τραγωδιογροὶφοι,
2030 859 2111 900 τᾶν
2135 858 2183 899 δὲ

200 921 481 974 πραχθέντων
503 922 576 959 καὶ
599 918 812 972 ῥηθέντων
832 924 923 961 κατ’
949 915 1154 1010 α’λῆθειαν
1173 916 1310 963 αὕτῶν
1325 918 1594 975 μνημονεύειν
1610 918 1808 973 πάμπαν,
1832 920 1889 963 ἄν
1907 919 2022 963 πάνυ
2041 921 2187 975 μέτρια

200 979 451 1033 ωγχᾶνυσιν
476 979 593 1022 ὄντα.

325 1044 432 1091 Quid
447 1044 553 1098 quod
578 1043 751 1086 nitorem
775 1051 816 1086 et
840 1043 1083 1099 elegantiam
1101 1044 1292 1087 dictionis
1317 1058 1390 1097 pro
1417 1045 1541 1087 nihilo
1568 1046 1834 1088 existimanda
1859 1053 1931 1087 aut
1954 1044 2080 1087 multo
2106 1044 2186 1087 sal-

199 1113 283 1147 tem
307 1105 549 1158 simplicitati
572 1107 857 1160 postponenda
882 1119 977 1147 esse
1002 1107 1220 1156 contendit,
1252 1119 1329 1147 nec
1360 1107 1507 1148 desunt
1531 1105 1734 1160 exeinpla,
1767 1109 1808 1148 in
1834 1109 1981 1162 quibus
2006 1108 2186 1150 studium

198 1165 300 1208 illud
324 1167 482 1207 animm
506 1166 718 1219 legentium
743 1167 1019 1220 praeparandi
1042 1175 1083 1208 et
1107 1167 1293 1207 doctrina
1317 1168 1520 1208 imbuendi
1554 1169 1609 1208 ad
1642 1168 1879 1221 languorem
1904 1170 1978 1216 *vel
2002 1168 2186 1210 obscuri-

199 1235 325 1270 tatem
350 1228 522 1270 seducat
542 1230 605 1278 (5,
616 1230 682 1278 35,
693 1230 755 1280 9),
780 1241 860 1282 qua
883 1228 935 1283 de
959 1241 1006 1269 re
1025 1228 1147 1279 infra,
1170 1229 1241 1269 ubi
1259 1228 1312 1271 de
1327 1228 1481 1268 ratione
1501 1230 1790 1270 sententiarum
1813 1230 2185 1283 componendarum
2218 1274 2225 1280 .

199 1302 381 1343 agemus,
405 1289 600 1330 nonnulla
632 1290 781 1331 afferre
804 1289 950 1342 placet.
1001 1291 1078 1346 Est
1104 1291 1230 1342 igitur
1255 1288 1415 1340 Polybii
1445 1290 1569 1330 dictio
1602 1290 1879 1343 simplissima,
1906 1291 1961 1332 ad
1986 1290 2187 1332 rationem

197 1351 332 1404 magis
363 1363 485 1404 quam
516 1350 569 1391 ad
601 1363 749 1392 sensus
780 1351 1110 1409 accommodata,
1144 1362 1389 1405 quamquam
1420 1362 1504 1390 non
1542 1350 1689 1391 desunt
1720 1350 1818 1401 loci,
1854 1354 2001 1405 quibus
2029 1351 2186 1391 animus

199 1413 290 1465 ejus
322 1425 460 1453 rerum
491 1411 732 1454 naturalium
766 1412 1111 1465 humanarumque
1136 1411 1489 1452 observandarum
1514 1413 1783 1463 peritissimus
1813 1414 1979 1466 egregio
2012 1412 2188 1465 quodam

196 1472 380 1515 facinore
404 1471 538 1515 elatus
564 1477 634 1513 aut
657 1472 893 1525 mirabilium
917 1473 1071 1525 specie⁴
1085 1484 1222 1513 rerum
1247 1478 1393 1524 captus
1419 1473 1575 1527 majore
1601 1480 1643 1513 et
1667 1474 1826 1515 acriore
1852 1474 1992 1527 spiritu
2018 1472 2185 1526 implea-

197 1543 276 1577 tur.
311 1535 413 1577 llluc
445 1542 634 1588 spectant
674 1531 873 1579 dilucidae
904 1533 998 1575 illae
1028 1547 1178 1584 rerum,
1193 1558 1197 1562 ι
1214 1546 1317 1586 quas
1351 1532 1484 1574 dicunt
1517 1534 1832 1587 geographicas,
1873 1535 2184 1587 descriptiones,

197 1610 368 1652 quarum
398 1595 618 1638 nonnullae
650 1602 855 1650 tamquam
888 1609 915 1637 a
944 1602 1092 1650 poetae
1126 1595 1339 1650 cujusdam
1370 1594 1533 1647 ingenio
1576 1595 1787 1649 profectae
1817 1610 1899 1638 uno
1935 1596 2065 1638 verbo
2098 1608 2185 1637 rem

195 1659 326 1711 ipsam
349 1665 445 1699 ante
471 1658 628 1698 animos
652 1665 818 1698 nostros
843 1663 1014 1710 ponunt3
1041 1659 1102 1697 sic
1119 1660 1159 1707 3,
1179 1660 1242 1707 54,
1262 1660 1289 1699 2
1313 1657 1442 1708 Alpes
1462 1653 1720 1711 ἀκροπόλεως
1750 1657 1946 1699 διάθεσιν
1979 1656 2087 1708 ἔχειν
2119 1658 2187 1710 τῆς

196 1719 291 1775 ὅλης
310 1716 486 1768 Ἰταλίας
510 1720 620 1772 dicit,
655 1719 800 1764 deinde
833 1732 1004 1772 campos
1029 1718 1281 1773 Phlegraeos
1317 1720 1503 1772 θέατρον
1526 1727 1664 1770 vocat,
1689 1720 1733 1762 id
1759 1733 1890 1774 genus
1916 1719 2056 1761 multa.
2098 1718 2185 1760 Nec

196 1783 332 1823 minus
363 1782 556 1834 frigidum
598 1788 641 1822 et
673 1782 830 1821 aridum
869 1781 969 1821 illud
1003 1780 1274 1821 enarrationis
1318 1792 1448 1833 genus
1486 1793 1771 1834 nonnunquam
1810 1795 1946 1822 rerum
1987 1781 2186 1833 gravitate

194 1844 338 1886 victus
364 1843 524 1885 excedit
558 1845 617 1895 (l,
630 1845 702 1894 27,
728 1845 819 1887 3-
832 1845 873 1892 2,
898 1844 980 1895 15).
1039 1840 1398 1894 amputationes,
1439 1856 1547 1897 quae
1580 1850 1850 1896 usurpantur,
1882 1855 2184 1896 nonnunquam,

195 1905 325 1949 sicubi
365 1906 509 1947 altiore
539 1918 645 1947 sono
680 1906 816 1963 utitur,
854 1905 1047 1959 imprimis
1081 1916 1105 1945 e
1141 1904 1358 1947 venatione
1394 1911 1436 1945 et
1470 1905 1715 1958 equitatione
1747 1911 1953 1947 mutuatus
1985 1912 2062 1947 est.
2114 1904 2186 1946 Sic

194 1967 492 2020 elegantissime
517 1969 729 2024 Romanos
756 1973 799 2008 et
819 1963 1179 2020 Carthaginienses
1200 1978 1309 2009 cum
1320 1967 1464 2006 avibus
1490 1967 1595 2006 inter
1619 1979 1667 2005 se
1694 1968 1748 2006 ad
1772 1960 2091 2007 internecionem
2116 1968 2184 2007 de.-

195 2029 443 2072 certantibus
478 2019 704 2082 comparat,
742 2032 778 2081 i,
803 2031 869 2080 58,
894 2030 955 2073 7.
970 2025 1021 2070 τᾶ
1060 2026 1107 2069 δὲ
1135 2025 1417 2079 πολιτεύματα
1436 2024 1497 2082 ἤν
1530 2025 1776 2083 α’μφοτέρων
1806 2026 2079 2083 παραπλῆσια
2102 2035 2185 2076 τοῖς

194 2091 486 2145 ψυχομαχοῦσι
509 2092 594 2132 των
618 2088 814 2144 ορνίθων.

312 2152 555 2201 Orationes,
589 2152 626 2193 si
657 2166 776 2205 quem
806 2152 1032 2209 principem
1062 2152 1215 2193 inducit
1247 2152 1560 2200 contionantem,
1586 2158 1628 2192 et
1652 2165 1776 2193 rarae
1802 2158 1845 2193 et
1870 2152 2186 2206 haudquaquam

194 2215 379 2257 absonae
404 2209 508 2255 sunt'
532 2226 560 2255 a
588 2213 744 2268 reliqua
775 2214 991 2268 scriptoris
1022 2213 1329 2256 consuetudine:
1371 2211 1500 2255 refert
1532 2213 1638 2254 enim
1672 2211 1853 2267 obliqua,
1888 2227 1993 2269 quae
2028 2214 2186 2267 dicitur,

194 2277 390 2329 oratione,
429 2290 535 2330 quae
567 2278 716 2331 cuique
754 2278 926 2321 dicenda
955 2282 1064 2327 sunt,
1096 2289 1178 2317 nec
1203 2288 1375 2335 unquam
1407 2276 1461 2317 ad
1493 2283 1626 2317 artem
1661 2274 1774 2317 illam
1806 2276 2078 2330 praeclaram,
2105 2291 2186 2331 qna

193 2338 397 2382 orationes
423 2338 715 2392 Thucydideae
736 2338 952 2389 excellunt,
974 2338 1166 2391 assurgit.

318 2400 623 2453 Disputavimus
648 2401 783 2441 adhuc
809 2400 1033 2457 summatim
1060 2400 1111 2440 de
1137 2401 1274 2450 rebus,
1299 2412 1404 2454 quae
1430 2406 1502 2440 aut
1528 2400 1581 2441 ab
1607 2401 1700 2453 ipso
1726 2402 1872 2442 aetatis
1897 2414 2088 2443 sermone
2116 2410 2186 2443 aut

192 2476 222 2506 a
251 2460 463 2516 scriptoris
494 2469 585 2504 arte
615 2461 803 2516 profecta
834 2461 1009 2515 alienam
1041 2462 1094 2505 ab
1120 2462 1256 2510 'Attico
1291 2475 1479 2506 sermone
1506 2463 1661 2516 Polybii
1694 2463 1965 2506 elocutionem
1990 2464 2183 2513 reddant3

192 2531 384 2577 superest
414 2530 461 2563 ut
487 2523 660 2576 singula,
693 2525 837 2577 quibus
862 2532 933 2564 aut
957 2537 984 2565 a
1014 2525 1233 2566 verborum
1261 2525 1302 2565 vi
1327 2537 1379 2565 ac
1403 2531 1554 2564 natura
1587 2531 1659 2564 aut
1684 2538 1711 2565 a
1736 2526 1895 2567 ratione
1920 2527 2184 2578 grammatica

192 2579 425 2637 deverterit,
446 2585 693 2637 ἸειιΐιιιῚιιιιιιε,
727 2599 807 2640 qua
837 2586 880 2628 in
912 2600 959 2628 re
989 2585 1108 2628 nobis
1141 2587 1390 2640 propositum
1416 2593 1494 2637 est,
1521 2600 1604 2628 non
1630 2595 1675 2627 ut
1699 2589 1849 2638 omnia,
1882 2602 1989 2641 quae
2015 2601 2040 2630 e
2071 2588 2183 2629 libris

191 2646 426 2701 Polybianis
458 2647 547 2689 erui
577 2654 767 2701 possunt,
796 2647 1052 2702 colligamus,
1084 2648 1162 2689 sed
1193 2655 1240 2690 ut
1271 2647 1494 2703 singularia
1519 2649 1719 2702 quaedam
1754 2656 2012 2701 annotemus,
2042 2649 2186 2702 quibu·

186 2708 406 2760 judicem,
437 2722 545 2763 quae
579 2709 773 2763 Polybius
806 2710 1034 2764 analogiam
1066 2711 1371 2768 grammaticam
1405 2718 1572 2751 secutus
1606 2711 1832 2763 novaverit,
1867 2719 2059 2805 quantum
2089 2724 2185 2764 pro·
