2454 3238
1199 258 1235 303 tt

215 395 408 438 violentia
434 394 596 448 Polybii
622 393 840 434 dictionem
866 393 923 434 ad
943 391 1106 433 Atticae
1124 390 1358 444 elegantiae
1382 390 1500 444 leges
1518 389 1756 445 detorqueat
1781 396 1823 433 et
1848 393 2125 435 correctiones
2149 392 2222 434 vel

216 457 477 512 corruptelas
503 469 602 498 suas
629 455 822 496 obtrudat
847 454 1052 508 scriptori,
1089 465 1208 506 quem
1242 465 1323 493 non
1349 453 1460 494 videt
1492 451 1573 493 alio
1599 452 1764 502 modulo
1790 466 1841 495 ac
1867 452 2095 507 scriptores
2119 453 2221 495 Atti·

216 534 292 563 cos
317 520 560 562 metiendum
588 528 699 559 esse.
753 516 977 558 Maximam
1011 528 1182 567 operam
1212 515 1349 567 potius
1374 515 1415 555 in
1442 515 1582 565 rebus,
1618 528 1726 567 quae
1753 516 1808 557 ad
1833 516 2123 570 rempublicam
2149 519 2222 559 mi-

215 583 423 635 litiamque
450 579 814 621 administrandam
840 582 1046 630 spectant,
1078 575 1144 616 vel
1171 576 1211 616 iu
1236 577 1301 626 iis,
1326 589 1431 629 quae
1454 576 1509 617 ad
1529 575 1744 617 historiam
1770 576 2016 629 reseruntur,
2041 578 2222 621 colloca-

217 645 287 686 vit.
347 643 459 684 ldem
485 640 575 683 fere
593 640 793 695 judicaris
828 639 879 680 de
911 638 977 689 iis,
1005 650 1111 691 quae
1149 637 1363 679 Ernestius
1390 644 1432 680 et
1468 636 1664 678 Reiskius
1694 639 1748 679 ad
1771 639 2220 693 Polybium·illustran-

219 704 313 745 dum
338 703 574 744 attulerunt.

341 763 770 817 Schweighaeuserus
796 767 932 803 autem
958 761 1134 803 omnium
1161 761 1229 815 qui
1253 762 1293 802 in
1321 760 1627 815 interpretando
1651 761 1824 816 Polybio
1849 763 2001 805 versati
2028 769 2124 805 sunt
2149 777 2221 805 no·

215 826 665 881 vissimus,vpraeclare
690 825 832 879 meruit
858 825 908 865 de
934 825 1150 877 scripturis
1176 836 1200 865 e
1226 824 1435 864 codicibus
1452 823 1717 876 restituendisv
1733 831 1776 867 et
1800 825 1964 867 licentia
1988 821 2223 874 illacritica

215 889 468 937 coercenda3
493 901 576 930 non
601 888 755 942 minore
782 899 882 927 cura
906 886 959 926 ad
984 897 1068 936 reS,
1096 899 1202 939 quae
1228 885 1281 925 ad
1304 884 1595 938 rempublicam
1604 885 1869 940 ,militiamque
1894 887 2107 940 pertinent,
2133 888 2222 929 illu·

216 950 414 991 strandas
445 962 494 991 se
529 948 737 1003 applicuit,
769 960 928 988 summa
963 959 1125 1000 qnoque
1159 946 1366 999 diligentia
1391 946 1448 986 ad
1480 958 1566 987 rem
1595 949 1904 1000 grammaticam
1924 949 1970 995 ,in
1995 949 2222 991 adnotatio-

215 1013 339 1053 nibus
365 1010 662 1064 expediendam
686 1009 936 1063 aggreditur,
967 1008 1044 1048 sed
1072 1019 1179 1060 quae
1205 1014 1270 1048 est
1296 1007 1458 1049 modica
1483 1009 1633 1060 aetatis
1658 1010 1751 1063 ,ejus
1776 1010 2072 1061 scientia,‚,non
2097 1023 2222 1063 expo·

217 1073 314 1123 suit,
342 1071 541 1125 quomodo
566 1077 731 1112 veteres
756 1075 990 1110 structurae
1015 1077 1087 1108 aut
1111 1076 1326 1120 promotae
1352 1075 1427 1109 aut
1448 1069 1494 1117 in
1519 1070 1732 1122 angustius
1751 1069 1943 1121 ‘reclusae
1967 1072 2061 1112 sint.

344 1133 463 1178 Quod
489 1132 612 1183 igitur
636 1144 850 1183 perpauca
874 1129 955 1169 hac
978 1130 1020 1169 in
1046 1136 1166 1180 parte
1193 1129 1357 1181 prolata
1384 1131 1711 1182 esse-videmus,
1733 1144 1900 1184 ,operae
1927 1134 2096 1184 pretium
2124 1146 2223 1175 esse

217 1193 418 1249 duximus,
442 1192 586 1244 paucis
611 1191 732 1233 lineis
760 1190 916 1244 Polybii
942 1188 1211 1232 elocutionem
1237 1190 1484 1232 adumbrare
1491 1205 1505 1239 3
1540 1203 1648 1244 quae
1676 1204 1748 1233 res
1782 1205 1903 1246 quam
1930 1193 1983 1234 sit
2013 1194 2156 1246 gravis
2182 1201 2223 1236 et

216 1256 344 1306 utilis,
372 1256 491 1295 etiam
518 1254 593 1293 viri
620 1254 739 1303 docti,
765 1265 869 1306 quos
895 1264 1022 1305 supra
1048 1252 1245 1301 recensui,
1272 1253 1401 1304 probe
1425 1251 1680 1294 intellexere.
1717 1254 1874 1307 ltaque,
1900 1268 1979 1308 quo
1997 1256 2223 1297 distinctius

219 1318 444 1364 videamus,
476 1328 544 1363 ea,
578 1328 749 1368 quorum
779 1327 906 1366 supra
932 1312 1107 1353 fecimus
1135 1314 1392 1362 mentionem,
1429 1312 1592 1365 singula
1617 1313 1869 1366 perlustrare
1893 1317 2010 1356 nobis
2037 1325 2101 1357 est
2125 1331 2222 1370 pro·

218 1378 405 1432 positum,
432 1382 553 1431 atque
578 1377 636 1417 ita
661 1375 834 1429 quidem,
861 1381 906 1415 ut
931 1374 1102 1427 primum
1126 1374 1178 1415 de
1195 1374 1412 1421 verborum
1431 1373 1553 1427 copia
1573 1374 1769 1417 nonnulla
1787 1389 2052 1430 exponamuS,
2079 1379 2222 1422 deinde

218 1443 270 1482 de
297 1440 456 1479 ratione
478 1438 744 1490 grammatica
760 1438 1025 1486 disseramus,
1053 1444 1262 1487 postremo
1281 1449 1418 1488 pauca
1438 1437 1491 1476 de
1512 1438 1732 1478 verborum
1753 1439 1917 1479 circuitu
1936 1442 2222 1492 componendo

217 1501 428 1544 addamus.
468 1500 557 1541 Res
584 1505 720 1539 autem
744 1498 837 1551 ipsa
861 1496 955 1547 fert,
979 1504 1024 1538 ut
1049 1497 1163 1551 prius
1189 1498 1230 1538 in
1256 1498 1491 1540 universum
1512 1505 1831 1550 perscrutemur,
1858 1501 1991 1553 qualis
2016 1500 2122 1543 illius
2147 1501 2223 1543 lin·

219 1575 340 1615 guae,
374 1574 456 1614 qua
488 1573 589 1601 usus
616 1566 681 1599 est
713 1560 922 1612 Polybius,
947 1558 1079 1611 gfuerit
1106 1560 1276 1610 {natur-a,
1312 1559 1419 1613 quod
1453 1559 1517 1599 sic
1541 1559 1708 1610 ,demum
1738 1562 2041 1614 cognoscimus,
2071 1564 2223 1616 qua‘in

219 1624 388 1677 regione
415 1630 456 1665 et
483 1622 824 1677 quemadmodum
848 1628 1020 1666 versata
1045 1621 1098 1662 sit
1124 1635 1195 1663 ars
1222 1620 1462 1674 Polybiane.

347 1936 541 1977 Omnibus
568 1934 774 1988 gentibus,
801 1947 907 1988 quae
923 1933 1034 1975 cultu
1060 1941 1101 1975 et
1124 1933 1371 1977 humanitate
1396 1932 1564 1977 multum
1588 1932 1868 1988 profecerunt,
1894 1937 2081 1978 accidere
2105 1938 2226 1989 solet,

225 2005 271 2039 ut
298 1998 535 2039 recentioris
571 1998 722 2038 aetatis
756 1998 986 2048 scriptores
1018 1996 1159 2047 flores,
1193 2008 1299 2050 quos
1332 1997 1418 2036 suis
1452 1995 1624 2048 ingeniis
1656 1996 1880 2049 decerpere
1905 2005 2125 2052 nequeunt,
2154 2008 2226 2042 aut

222 2072 246 2101 e
268 2060 547 2112 superioribus
571 2060 756 2111 ipsorum
783 2059 917 2110 gentis
943 2060 1286 2109 temporibusaut
1311 2059 1365 2097 ab
1392 2057 1475 2097 alio
1502 2059 1677 2110 quodam
1704 2058 2092 2111 populorepetant3
2118 2062 2226 2103 idem

223 2121 399 2161 Graecis
426 2121 689 2173 scriptoribus
715 2120 873 2169 accidit,
900 2120 968 2173 qui
995 2125 1093 2172 post
1118 2118 1398 2160 Alexandrum
1420 2131 1495 2162 ,res
1523 2124 1665 2172 gestas
1690 2118 1869 2160 scribere
1895 2121 2029 2162 conati
2054 2128 2161 2174 sunt,
2185 2122 2228 2165 in

224 2184 367 2236 quibus
392 2183 618 2234 principem
643 2182 740 2223 licet
764 2183 975 2222 nominare
1000 2181 1231 2232 Polybium,
1258 2194 1380 2233 quem
1406 2181 1476 2222 alii
1497 2188 1541 2222 ut
1566 2181 1792 2233 Josephus,
1819 2182 2042 2235 Diodorus,
2068 2184 2226 2226 Plutar-

224 2243 342 2293 chus,
367 2255 503 2283 rerum
529 2255 745 2284 sacrarum
772 2242 998 2294 scriptores
1021 2242 1159 2282 imitati
1183 2247 1291 2283 sunt.

349 2306 522 2344 Primum
547 2305 668 2356 igitur
691 2304 850 2343 illorum
876 2300 1105 2355 temporum
1142 2305 1384 2355 scriptores,
1421 2317 1543 2358 quum
1576 2318 1630 2345 ex
1662 2305 1890 2357 aequalium
1920 2318 2111 2348 sermone
2144 2321 2229 2350 non

225 2366 328 2408 satis
352 2365 513 2417 largam
541 2365 786 2417 elegantium
812 2365 1029 2406 verborum
1048 2365 1213 2418 copiam
1237 2366 1314 2407 sibi
1336 2366 1474 2418 offerri
1492 2366 1710 2417 vidissent,
1732 2367 1911 2408 naturali
1929 2369 2108 2421 quadam
2132 2369 2230 2423 lege

226 2428 339 2468 ducti
367 2433 583 2478 poetarum
623 2426 839 2466 luminibus
876 2426 1149 2467 elocutionem
1184 2440 1304 2467 suam
1337 2429 1620 2478 adornabant,
1650 2429 1766 2481 cujus
1803 2428 1865 2468 rei
1895 2433 1978 2470 non
2012 2430 2230 2472 admodum

225 2502 327 2591 πὲἱα
353 2488 469 2587 apudt
486 2487 701 2540 Polybium
737 2487 1059 2540 deprehenderis
1096 2488 1302 2541 exempla,
1338 2502 1443 2542 quae
1469 2490 1627 2541 passim
1655 2489 1743 2542 jam
1778 2497 1943 2532 veteres
1977 2493 2232 2544 grammatici

222 2562 249 2591 a
307 2556 451 2589 otarun
470 2575 483 2588 ·

346 2610 423 2656 Sic
449 2608 708 2662 Phrynichus
736 2622 772 2651 s.
798 2624 837 2650 v.
866 2607 1054 2664 α’ρχῆθεν
1078 2612 1375 2662 animadvertit,
1401 2612 1646 2664 vocabulum
1673 2613 1754 2654 hoc
1780 2627 1834 2655 ex
1855 2615 2034 2656 Homero
2060 2621 2105 2656 et
2130 2615 2232 2657 Tra-

223 2673 327 2726 gicis
353 2684 453 2715 esse
467 2672 758 2723 .desumptum;
783 2673 815 2722 1,
841 2675 908 2724 54,
926 2676 964 2716 7.
991 2672 1045 2714 ‘O
1070 2673 1117 2714 δὲ
1140 2672 1324 2727 ῌόπλιος
1348 2673 1520 2715 ἐπέπλει
1543 2677 1622 2725 μὲν
1647 2672 1847 2730 ἀρχῆθεν.
1878 2678 1941 2725 13,
1966 2679 2003 2717 4.
2031 2678 2069 2719 6.
2109 2677 2234 2719 Prae·

221 2740 342 2777 terea
367 2732 564 2803 nonnulla
592 2733 802 2784 adverbia,
829 2748 931 2787 quae
958 2736 1121 2789 quidem
1145 2735 1318 2779 voculae
1345 2739 1561 2790 poetarum
1579 2737 1694 2779 libris
1710 2737 1898 2781 lectitatis
1920 2736 2113 2781 facillime
2137 2739 2235 2781 hae·
