2454 3238
186 802 348 876 Polybi}
382 821 670 863 elocutionem
689 822 729 877 si
759 823 850 875 quis
885 822 1115 880 diligentius
1148 822 1385 864 examinare
1417 823 1528 874 velit,
1562 824 1644 864 hoc
1676 823 1875 876 imprimis
1902 823 1954 864 ei
1965 822 2186 864 tenendum

186 890 267 935 est,
293 881 419 925 simul·
436 894 529 925 cum
555 890 677 936 gente
701 872 824 926 etiam
846 883 1026 938 linguam
1049 883 1308 927 (alt-aecorum=
1334 883 1431 957 post
1452 884 1691 927 Alexandri
1703 882 1906 939 aetatem
1916 898 1944 926 ι
1964 890 2118 925 natm-a
2144 890 2188 926 et

185 944 341 987 indole
339 956 425 987 sua
447 957 533 986 non
557 945 779 1003 paululum
788 946 1020 988 deflexisse.
1060 944 1177 987 Νιιιι
1203 945 1312 987 sicut
1333 945 1385 999 in
1393 946 1619 989 Graeciam
1643 947 1777 1021 ipsam
1798 957 1944 996 omnes
1970 945 2060 988 fere
2085 956 2188 999 geu·

185 1008 252 1047 tes
276 998 566 1062 confluxerunt,
592 1011 735 1060 utque
744 999 897 1057 Graeci
919 1007 1068 1068 ubique
1097 1012 1315 1050 terrarum·
1324 1008 1480 1049 versati
1504 1014 1612 1058 sunt,
1646 1008 1713 1049 sic
1735 1008 1890 1061 lingua,
1921 1020 2046 1061 quam
2070 1007 2188 1059 prius

185 1080 213 1108 a
239 1068 504 1109 barbarorum
529 1059 776 1120 contagione
796 1068 975 1126 prorsus
1002 1069 1210 1123 integram
1233 1070 1329 1110 esse
1341 1066 1554 1122 imprimis
1565 1067 1873 1142 gloriabantur,
1885 1069 2073 1123 vestigia
2097 1066 2190 1109 tulit

186 1141 215 1170 a
238 1124 478 1182 peregrinis
491 1129 679 1182 gentibus
704 1130 947 1182 impressa.
956 1128 1089 1171 Fieri
1107 1132 1214 1180 enim
1239 1135 1321 1175 non
1346 1130 1492 1182 potnit,
1517 1131 1629 1184 quin,
1656 1132 1901 1183 ιιιιιιοιιιιιιιιε
1926 1133 2019 1171 arte
2029 1136 2079 1170 et
2103 1129 2187 1170 dis·

185 1190 336 1243 ciplina
360 1190 551 1232 advenae
575 1190 795 1246 iidemque
806 1191 956 1233 domini
988 1191 1206 1245 florebant,
1226 1191 1329 1245 ejus
1359 1190 1566 1232 vocabula
1595 1191 1639 1232 in
1672 1190 1864 1244 linguam
1873 1190 1999 1233 illata
2023 1189 2187 1244 graecis

185 1252 558 1293 substituerentur·
566 1253 668 1293 sic
678 1253 790 1306 'apud
808 1252 1024 1325 Polybium
1055 1252 1269 1294 vocabola·
1296 1253 1498 1306 quaedam
1530 1253 1734 1303 militaria,
1769 1265 1877 1306 quae
1903 1253 2188 1300 Macedonum,

186 1313 284 1365 alia,
317 1325 426 1367 quae
452 1307 828 1356 Alexandrinorum
848 1315 1017 1368 propria
1041 1300 1171 1356 fuisse
1196 1327 1241 1356 a
1247 1312 1456 1356 veteribus
1489 1314 1767 1368 grammaticis
1794 1314 2002 1364 docemur,
2033 1311 2188 1353 inveni-

184 1387 289 1424 mus,
313 1387 392 1415 nec
415 1376 564 1415 ιιιιιιιιε
573 1376 653 1428 ipsi
676 1375 948 1437 intelligimus,
969 1376 1058 1416 alia
1080 1376 1267 1428 ejusdem
1292 1375 1461 1429 generis
1487 1388 1516 1415 a
1532 1375 1735 1416 Romanis
1760 1376 1935 1428 repetita
1956 1387 2064 1416 esse.
2098 1377 2189 1414 nuc

184 1435 363 1484 accedit,
387 1435 501 1496 quod
527 1428 679 1477 aetatis
706 1433 816 1477 illius
830 1436 1053 1489 scriptores
1078 1435 1160 1488 non
1186 1435 1362 1490 dialecto
1386 1435 1568 1494 quadam
1585 1437 1704 1487 'certa
1721 1442 1995 1490 separataque
2020 1436 2075 1476 ab
2093 1434 2187 1476 aliis

183 1492 417 1547 utebantur,
430 1497 507 1537 sed
520 1509 573 1538 ex
587 1497 781 1538 dialectis
786 1496 957 1555 'singulis
967 1485 1131 1550 singula
1143 1499 1188 1537 in
1202 1499 1319 1538 suum
1332 1498 1455 1537 ‘usum
1475 1496 1784 1551 convertebant.
1809 1497 1895 1538 Sed
1913 1497 2031 1547 haec,
2046 1508 2185 1549 quam-

183 1560 249 1600 vis
274 1572 357 1600 non
383 1571 479 1600 raro
504 1559 778 1608 inveniantur,
800 1558 1065 1610 effu-insecus
1077 1558 1211 1601 allata
1244 1570 1330 1600 non
1361 1568 1427 1601 ea
1436 1564 1544 1609 sunt,
1575 1558 1626 1599 in
1646 1546 1809 1612 quibus,
1843 1559 1953 1612 quod
1977 1557 2188 1612 proprium

184 1625 253 1659 est
275 1618 432 1672 Polybii
457 1624 498 1658 et
523 1618 769 1671 aequalium,
794 1618 971 1671 positum
997 1625 1074 1659 est.
1113 1610 1236 1664 Quod
1263 1619 1370 1659 enim
1391 1617 1567 1659 maxime
1586 1619 1707 1659 nobis
1724 1619 1870 1658 mirum
1889 1619 2051 1659 videtur
2075 1629 2188 1667 esse,

184 1680 361 1723 elocutio
387 1679 549 1721 illorum
575 1694 602 1721 a
627 1682 774 1733 patriis
801 1680 1012 1721 radicibus
1038 1679 1197 1731 avulsa,
1223 1681 1407 1734 vigorem
1432 1680 1741 1733 naturalemque
1771 1679 1883 1721 illum
1908 1679 2186 1734 splendorem,

183 1754 262 1794 quo
281 1741 531 1782 Graecorum
553 1741 692 1794 lingua
714 1741 837 1782 facile
858 1753 1001 1782 omnes
1019 1743 1242 1794 superavit,
1265 1754 1438 1794 prorsus
1459 1741 1604 1790 amisit,
1623 1753 1675 1781 ac
1687 1742 1865 1794 vestigia
1883 1752 1976 1781 cum
1995 1753 2023 1781 a
2040 1741 2188 1781 schola

184 1810 225 1844 et
250 1803 398 1844 studiis
433 1810 518 1843 tum
550 1803 604 1844 ab
638 1817 719 1845 usu
753 1810 794 1844 et
819 1802 1116 1845 consuetudine
1141 1803 1346 1856 impressa
1379 1802 1552 1855 plurima
1588 1800 1681 1843 fert.
1733 1803 1877 1855 ltaque
1902 1801 1939 1842 si
1964 1801 2054 1851 illa,
2079 1815 2187 1855 quae

183 1863 393 1918 religionis
419 1872 460 1905 et
478 1877 633 1906 morum
655 1864 913 1906 commutatio
931 1870 1092 1905 mutare
1115 1865 1263 1918 coegit,
1288 1864 1521 1915 omittimus,
1548 1864 1673 1904 multa
1701 1863 2054 1917 deprehendimus,
2080 1876 2188 1918 quae

184 1939 240 1967 ex
253 1927 371 1968 arida
383 1929 426 1967 ει
443 1922 927 1979 sioeaphilosophurm,
932 1927 1108 1967 maxime
1119 1923 1350 1967 Stoicorum
1363 1927 1538 1967 dictione
1557 1925 1760 1977 profecta,
1774 1925 1913 1975 multa,
1926 1921 2035 1977 linae
2050 1935 2076 1965 e
2088 1939 2187 1979 poe-

184 1993 315 2028 tarum
335 1988 620 2028 carminibus
609 2000 649 2032 ιιι
672 1985 859 2040 linguam
866 1981 1078 2038 vulgarem
1096 1986 1301 2028 translata
1314 1993 1429 2036 sunt,
1453 1986 1577 2028 multa
1598 1987 1776 2039 denique
1793 1986 2185 2048 negligenterdicta,

183 2060 290 2101 quae
323 2048 488 2101 plebem
518 2045 754 2090 redolent.
775 2047 891 2090 Hinc
903 2044 1193 2107 repetendum²
1199 2054 1277 2097 est,
1310 2049 1418 2099 qnod
1442 2048 1613 2110 propria
1638 2048 1713 2088 illa
1732 2044 1947 2110 indiarum
1964 2056 2119 2088 vocum
2145 2055 2188 2089 et

182 2116 479 2152 structurarum
509 2111 681 2150 notione
705 2110 869 2151 sublata
902 2110 959 2149 id·
975 2109 1113 2161 ipsum
1134 2105 1253 2150 mole
1286 2104 1503 2151 verborum
1537 2105 1860 2162 compositum
1904 2104 2069 2161 assequi
2100 2116 2185 2151 str

183 2171 351 2221 debant,
380 2170 572 2224 quodque
599 2170 780 2217 elocutio
797 2166 1001 2212 universa
1029 2170 1084 2210 ab
1118 2166 1340 2212 artificiosa
1364 2169 1436 2210 illa
1462 2166 1766 2262 compositione
1782 2176 1828 2249 et
1854 2166 2007 2228 colore·
2017 2170 2186 2260 poetico

183 2234 237 2272 ad
261 2233 426 2272 nimiam
451 2232 783 2284 perspicuitatem
809 2240 850 2272 et
874 2231 1124 2283 languorem·
1137 2231 1312 2271 deducta
1339 2237 1417 2271 est.
1470 2240 1473 2243 '

215 2326 218 2329 .
305 2293 483 2341 Quodsi
501 2294 746 2347 quaerimus,
779 2293 879 2347 quid
906 2291 985 2333 viri
1008 2292 1131 2342 docti,
1162 2290 1233 2347 qui
1258 2291 1371 2334 haud
1397 2293 1520 2346 pauci
1548 2290 1719 2346 operam
1744 2294 1787 2333 in
1812 2293 1973 2335 edendo
1998 2300 2041 2334 et
2064 2294 2187 2335 inter-

182 2355 382 2428 pietando'
395 2354 586 2406 Polybio
583 2354 862 2404 collocarunt,
887 2353 999 2394 hac·
988 2366 1028 2393 m
1048 2352 1167 2406 pa'rte
1191 2350 1450 2407 profecerint,
1476 2366 1614 2406 pauca
1635 2356 1918 2408 reperiemus,
1928 2364 2025 2397 ειιιιι·
2044 2352 2187 2396 omnes

181 2414 382 2471 magiam
379 2414 691 2457 constituendis
701 2414 944 2458 lectiombus
961 2419 1003 2456 et
1022 2412 1155 2456 'rebus
1172 2412 1428 2472 explicandis
1441 2417 1605 2458 versati
1624 2416 1704 2457 sint
1717 2423 1840 2471 quam
1857 2416 1900 2457 in
1905 2412 2189 2459 exanfinanda

182 2480 421 2520 elocutione.
466 2477 512 2516 Si
537 2479 643 2517 enim
669 2477 904 2525 Gasaubani
923 2478 1069 2517 libi-un
1090 2478 1475 2528 perlustraverimns
1505 2499 1552 2508 --
1580 2480 1624 2518 in
1650 2479 1931 2530 superioribus
1955 2476 2063 2520 'enfin
2087 2477 2187 2517 nihil

180 2540 303 2603 inest,
331 2538 440 2593 quod
465 2538 508 2578 in
533 2545 718 2580 nostrum
743 2551 863 2580 usum
888 2538 1012 2580 cadat
1032 2560 1100 2588 —-,
1124 2538 1292 2586 multis’
1281 2552 1411 2593 usque
1436 2539 1701 2598 amplissimis
1728 2540 1870 2581 verbis
1894 2538 2141 2581 laudatam
2122 2551 2186 2580 m-

180 2599 393 2642 veniemus
416 2600 549 2641 fidem
564 2607 606 2641 et
629 2607 761 2642 artem
784 2600 1013 2654 scriptoris,
1036 2599 1244 2642 nonnulla
1256 2600 1393 2651 etiam,
1416 2611 1543 2654 quem
1563 2601 1748 2642 colerem
1764 2596 1918 2644 habeat
1942 2596 2078 2643 serm‘o
2105 2601 2186 2641 Po-

179 2661 387 2715 lybianus,
412 2663 456 2704 in
481 2662 729 2708 universum
743 2663 948 2716 exposita,
971 2659 1059 2703 sed
1070 2674 1128 2703 ue
1148 2659 1276 2704 vei-bo
1301 2661 1481 2717 quadem?
1494 2662 1603 2705 illius
1629 2663 1790 2704 dicendi
1815 2676 1947 2724 genus
1971 2675 2061 2704 cum
2082 2656 2188 2703 afio-

180 2736 271 2766 rum
297 2729 521 2775 comparat.
556 2722 684 2772 Quin
690 2725 824 2775 etiam,
849 2725 918 2767 ubi
944 2725 985 2767 in
1016 2725 1221 2772 rationem
1235 2725 1543 2810 grammaticam
1562 2725 1745 2774 inem-rit,
1730 2726 2008 2817 ‚mirupi‘esg
2031 2730 2189 2778 quanta
